2878 5042
414 299 564 400 innan
600 289 926 396 meroaldus*
1166 309 1240 412 tos

142 498 352 565 rectissimus,
371 497 526 570 proposito
539 495 748 562 sanctissimus,
767 492 853 552 tantis
875 493 1000 569 denique
1013 493 1168 552 adornatus
1178 497 1237 552 vir·

143 574 277 640 tutibus,
300 585 421 647 quantu
434 573 565 644 perfecta
578 583 606 629 ct
624 582 726 628 natura
745 583 774 627 st
794 571 936 627 industria
953 571 1084 627 mortalis
1106 571 1239 628 conditio

145 650 282 722 recipit.)
318 651 349 704 P.
373 647 472 703 Mucio
494 648 714 708 Scaevolam.
734 647 894 719 Calpurnio
916 648 995 702 Goss.
1017 646 1122 701 abhinc
1147 663 1242 703 annos

145 725 433 782 cuncticreans
453 723 548 779 honis.
592 723 802 796 Pollicitusquc
824 723 878 778 toti
900 722 1001 779 Italiac
1022 723 1181 790 civitatem,
1202 724 1238 778 si·

145 803 207 856 mul
218 802 315 856 'ctiam
329 799 520 876 promulgatis
532 799 653 874 agrariis
665 797 797 872 legibus,
824 797 957 852 omnibus
968 809 1071 854 statum
1088 799 1240 873 concupis·

148 878 303 943 centibus,
325 891 434 932 summa
447 875 510 929 imis
524 873 657 943 miscuit}
679 885 708 930 et
721 875 750 928 in
766 886 955 947 praeruptum
966 879 1058 946 ‘atque
1069 879 1173 947 auceps
1188 893 1238 948 pe·

149 955 278 1008 siculum
285 951 406 1008 adduxit
418 951 640 1024 rempublicam
661 951 842 1026 Octavioque
854 951 992 1024 collegae,
1011 969 1068 1024 pro
1078 950 1238 1024 bouopuh-

151 1029 207 1084 lico
221 1030 331 1095 stanti,
352 1029 506 1100 imperium
522 1027 691 1101 abrogavit3
721 1028 894 1096 triumviros
913 1027 989 1100 agris
1008 1025 1173 1096 dividendis
1192 1047 1244 1084 co·

147 1105 302 1180 loniisque
326 1104 502 1160 deducendis
524 1105 634 1159 creavit
656 1119 703 1169 ss,
729 1112 920 1175 socerumque
945 1110 1027 1161 suum
1048 1103 1242 1170 co'usul'arem,

147 1182 299 1256 Appium,
320 1192 350 1237 et
360 1181 525 1236 ‘Gracchum
540 1179 660 1235 fratre'm
672 1178 826 1235 admodum
842 1177 987 1237 iuvenem.
1005 1187 1035 1239 va.
1048 1179 1121 1232 Tuni
1133 1181 1165 1234 P.
1180 1181 1244 1236 Sci·

152 1257 203 1330 pio
218 1252 341 1322 Nasica,
362 1257 501 1330 (ejusqui
518 1257 643 1327 optimus
659 1251 736 1313 vira
757 1265 857 1311 senatu
877 1253 1018 1329 iudicatus
1035 1261 1112 1320 erat,
1132 1273 1242 1330 nepost

151 1335 223 1402 ejus,
243 1334 298 1406 qui
315 1350 418 1388 censor
432 1333 561 1405 porticus
578 1332 608 1387 in
621 1332 768 1406 Capitolio
786 1331 907 1395 fecerat,
924 1330 1013 1399 fliius}
1031 1349 1179 1404 pronepos
1192 1349 1242 1386 au·

151 1419 209 1465 tem
225 1410 282 1467 Cn.
303 1409 465 1482 Scipionis,
487 1408 672 1464 celeberrimi
684 1410 758 1474 viri,
768 1411 811 1462 Ῥ.
827 1406 956 1461 Africani
972 1407 1083 1480 patrui)
1099 1410 1241 1480 privatus·

154 1501 210 1558 que
223 1497 253 1541 et
268 1495 398 1559 togatus,
420 1503 485 1540 cum
499 1496 574 1541 esset
590 1485 784 1540 consobrinus
796 1483 861 1538 Tib.
881 1483 1020 1547 Gracchi,-
1040 1484 1160 1555 patriam
1175 1501 1241 1559 cog.

152 1561 265 1616 nationi
280 1561 461 1633 praeferens,
482 1571 511 1616 et
523 1553 665 1636 quidquid
678 1560 796 1634 publice
813 1561 937 1614 salutare
952 1577 1011 1615 non
1030 1569 1118 1623 essct,
1144 1561 1243 1632 priva·

151 1637 203 1692 tim
216 1639 346 1692 alienum
361 1637 523 1692 existimans
542 1637 594 1705 (ob
603 1653 650 1692 eas
663 1635 784 1692 cirtutcs
796 1637 907 1709 primm
919 1637 1050 1691 omnium
1059 1636 1243 1708 absenspon·

155 1713 227 1768 tifex
243 1715 383 1768 maximus
396 1713 486 1768 sactus
505 1722 560 1780 est)
583 1713 758 1769 circumdata
772 1714 858 1767 laevo
882 1711 1002 1766 brachio
1025 1721 1109 1785 togae
1127 1713 1242 1779 iacinia,

157 1805 192 1843 cx
210 1791 369 1863 superiore
380 1801 462 1863 parte
476 1789 630 1862 Capitolii,
650 1790 766 1844 summis
782 1787 919 1862 gradibus
937 1788 1084 1851 insistens,
1111 1787 1246 1844 hortatus

157 1877 215 1928 est,
237 1865 286 1940 qui
299 1867 408 1921 salvam
421 1867 531 1923 vellent
543 1865 771 1940 rempublicam,
792 1881 822 1919 sc
840 1875 1041 1938 sequerentur.
1069 1864 1145 1917 'l'um
1168 1864 1242 1936 opti·

157 1953 261 2007 anates,
281 1942 404 1998 Senatus
418 1943 504 2014 atque
518 1943 659 2016 equestris
673 1942 784 1997 ordinis
797 1959 863 2013 pars
876 1939 983 1995 melior
996 1950 1025 1994 ct
1036 1941 1140 2005 maior,
1157 1951 1189 2011 et
1201 1940 1244 1994 iu-

161 2027 235 2072 taota
250 2019 420 2092 perniciosis
438 2018 566 2074 consiliis
583 2017 683 2091 plebs,
704 2015 818 2072 irruere
834 2018 864 2069 in
880 2017 1058 2081 Gracchum,
1078 2027 1199 2072 stantem
1213 2015 1244 2070 ist

164 2109 231 2146 area
246 2111 305 2147 cum
320 2094 444 2150 catervis
457 2093 529 2156 suis,
550 2106 579 2149 ct
595 2085 773 2149 concieutcin
786 2093 877 2164 paene
894 2091 984 2148 totius
995 2087 1094 2158 italiae
1107 2092 1243 2165 frequen-

148 2171 150 2178 ’
166 2167 242 2220 tiam.
260 2171 287 2224 ls
299 2169 412 2244 fugiens
425 2168 642 2244 decurrcusque
656 2170 744 2224 clivo*
752 2169 934 2240 Capitolino,
955 2167 1097 2242 fragmine
1112 2167 1243 2222 subsellii

168 2242 253 2309 ictus,
282 2246 382 2313 vium,
415 2263 501 2320 quam
523 2245 730 2319 gloriosissime
767 2244 875 2318 degero
901 2255 1054 2316 potuerat,
1091 2244 1245 2299 immatura

144 2346 146 2354 ν
167 2331 260 2374 morte
276 2319 373 2378 finivit.
420 2323 485 2376 Hoc
504 2321 617 2377 initium
639 2321 670 2376 in
690 2315 763 2376 urbis
783 2323 876 2376 Roma
902 2320 998 2375 civilis
1022 2319 1166 2392 sanguinis
1186 2320 1243 2393 gla-

167 2393 336 2472 diorumque
364 2397 541 2471 impunitatis
566 2397 641 2467 fuit,
664 2397 732 2452 inde
750 2399 794 2451 ius
812 2397 843 2452 vi
862 2396 1014 2462 obrutum,
1035 2395 1247 2468 potentiorque

164 2469 275 2528 habitus
294 2473 392 2544 prior3
412 2473 640 2548 discordiaeque
662 2473 786 2539 civium,
811 2485 895 2528 antea
913 2470 1130 2552 conditjotiibus
1144 2471 1245 2548 'sanari

162 2548 277 2614 solitae,
297 2550 379 2606 ferro
409 2549 597 2619 diiudicatac5
622 2549 759 2624 bellaque
779 2567 838 2603 non
857 2549 949 2605 causis
973 2549 1060 2613 inita,
1085 2547 1136 2602 sed
1155 2557 1247 2622 prout

58 2677 69 2698 ἢ
161 2625 261 2678 eoruin
275 2627 463 2685 mercesfuit.
496 2626 581 2706 Quod
604 2626 878 2693 haudmirumest3
899 2625 1055 2680 nonenim
1085 2623 1128 2678 ibi
1152 2623 1245 2678 consi·
1277 2655 1282 2668 ,

159 2711 235 2756 stunt
249 2701 396 2775 exempla,
416 2702 678 2775 undecoeperunt3
699 2701 749 2756 sed
762 2702 922 2778 quamiibet
943 2701 972 2754 in
993 2713 1109 2758 tenuem
1129 2711 1247 2772 recepte

158 2778 318 2843 tramitem,
348 2778 485 2832 latissime
515 2778 654 2852 evagandi
674 2778 731 2832 sibi
755 2779 831 2833 viam
850 2777 976 2845 faciunt3
998 2789 1055 2846 et,
1084 2776 1135 2830 ubi
1156 2775 1247 2830 semel

159 2863 242 2908 recto
255 2852 419 2909 deerratum
434 2865 491 2918 est,
518 2854 547 2906 in
567 2871 708 2926 praeceps
728 2854 916 2926 pervcnitur3
942 2869 996 2908 nec
1014 2852 1166 2931 quisquam
1188 2850 1247 2908 sibi

157 2939 242 3002 putat
258 2940 361 3002 turpe,
386 2929 465 3005 quod
486 2931 536 2985 alii
560 2929 620 2996 fuit
635 2930 826 2986 fructuosum.
1060 2928 1072 2940 ”

88 3127 292 3195 Gracchus,
318 3129 361 3196 0,
382 3147 406 3186 c.
430 3140 473 3189 11.
499 3129 521 3201 §-
548 3137 615 3198 39.;
634 3146 659 3185 c.
681 3138 726 3190 12.
748 3131 772 3201 i.
792 3136 857 3197 [2103
882 3123 1245 3187 et.del)ivin.1.ao·

158 3205 192 3262 C·
214 3223 287 3261 vcro
302 3206 448 3262 Gracchus
470 3205 567 3262 multis
580 3205 664 3272 dixit,
685 3219 718 3262 ut
733 3207 872 3277 scriptum
885 3203 963 3280 apud
977 3201 1101 3258 cundem
1115 3200 1246 3256 Caelium

157 3293 220 3344 est,
240 3281 295 3340 sibi
310 3282 339 3336 iu
352 3279 490 3348 sortauis',¹
505 3293 688 3356 quaesturam
709 3282 836 3355 petenti,
862 3281 906 3334 Ti.
926 3280 1047 3336 fratrent
1068 3277 1163 3334 visum
1182 3291 1246 3331 esse

70 3391 74 3404 ι
105 3366 107 3377 “
134 3358 275 3422 dicere,
296 3377 382 3432 (Ῑιιαιιι
402 3359 491 3414 vellet
502 3369 704 3424 cunctaretur,
723 3371 819 3414 umen
831 3357 937 3412 eodem
947 3355 1004 3410 sibi
1017 3353 1092 3420 leto,
1112 3371 1171 3426 quo
1183 3352 1247 3424 ipse

156 3434 322 3500 interisset,
354 3451 416 3492 esse
434 3434 624 3507 pereundum.
672 3436 753 3502 Hoc,
784 3445 939 3506 antequam
955 3429 1093 3507 tribunus
1109 3427 1188 3501 plebi
1210 3427 1244 3482 C.

157 3510 308 3566 Gracchus
325 3510 416 3566 iactus
429 3523 519 3577 esset,
540 3522 569 3566 et
582 3527 612 3565 se
624 3510 737 3578 audisse
753 3510 856 3566 scribit
868 3509 1000 3574 Caelius,
1019 3519 1049 3562 st
1061 3505 1164 3560 dixisse
1173 3503 1242 3558 mul-

158 3586 207 3644 tis.
275 3605 312 3642 uo
332 3588 444 3647 somtuo
463 3585 534 3662 quid
553 3585 678 3641 inveniri
697 3599 793 3658 potest
814 3585 942 3642 certius?
964 3613 999 3626 --
1052 3583 1130 3636 hir.
1157 3578 1244 3651 epit.

159 3662 234 3718 le,
285 3659 428 3719 editiones
446 3681 461 3718 a
480 3662 640 3720 triumviris
664 3664 769 3718 Fulvio
789 3663 895 3718 Flacco
921 3672 949 3716 et
962 3661 995 3714 G.
1015 3657 1148 3714 Graccho
1168 3665 1197 3710 et
1209 3653 1243 3711 C.

158 3739 281 3810 Papirio
295 3738 447 3804 Carbone,
466 3757 537 3812 agro
551 3737 709 3795 dividendo
726 3740 844 3804 creatis,
865 3737 1017 3802 excitasset
1038 3733 1144 3808 quibsu
1156 3747 1261 3804 quum

158 3817 195 3871 P.
211 3815 311 3887 Scipio
325 3815 479 3870 Africanus
492 3813 712 3882 adversaretur,
733 3815 876 3888 fortisque
898 3830 932 3870 as
954 3809 1068 3867 ualidus
1082 3810 1118 3866 de
1131 3807 1177 3866 dia
1193 3805 1245 3860 do·

159 3907 239 3947 mum
254 3908 284 3946 se
303 3892 478 3966 recepisset,
498 3902 629 3948 mortuus
646 3891 677 3946 iu
691 3891 828 3948 cubiculo
845 3891 977 3946 inventus
990 3899 1043 3946 est.

88 4407 285 4480 Hannibal,
305 4410 367 4470 vid.
387 4412 565 4472 Annibal.
