2878 5042
1426 183 1428 314 l

210 481 387 588 quomodo,
409 516 471 560 nec
494 515 548 572 ee,
574 517 658 586 quae
676 498 716 560 ab
739 517 778 558 ea
801 514 985 568 monemur,
1011 492 1167 557 audimus.
1208 475 1270 554 Eat
1296 491 1392 554 enim
1426 405 1429 528 l

211 605 370 674 terlucet
388 602 555 686 multiplex
574 623 652 666 neue
673 601 850 676 amicitiae,
877 600 1058 684 multaeque
1080 617 1195 670 caueae
1226 595 1391 678 euspicio.
1428 601 1429 684 l

213 732 290 774 uum
317 707 597 793 offensionumque
625 709 759 788 dantur3
806 728 884 791 qnae
917 719 981 768 tum
1011 705 1132 770 evitare
1156 714 1222 766 tuta
1252 701 1389 766 elevare
1428 687 1429 696 ¹

212 829 281 881 tum
303 815 392 886 seme
415 814 569 898 capientis
592 829 656 878 eet:
701 819 769 878 Una
796 813 851 875 illa
878 807 1072 874 sublevanda
1086 808 1239 873 ‘offensio
1262 824 1334 882 est,
1360 824 1390 870 ut

213 933 249 984 et
264 921 384 984 veritae
409 921 443 983 ia
461 921 601 985 amicitia
623 923 659 984 'et
678 919 759 984 fides
776 920 970 983 retineatur:
992 935 1062 976 nam
1076 929 1122 978 et
1142 916 1296 978 monendi
1312 917 1391 977 ami·

214 1024 246 1087 ci
268 1027 365 1107 saepe
391 1043 483 1104 suut,
511 1042 544 1092 et
559 1027 763 1114 obiurgandi,
779 1038 819 1088 et
835 1023 916 1087 haec
934 1021 1121 1106 accipienda
1141 1021 1260 1098 amice,
1290 1045 1391 1108 quum

212 338 261 412 m
374 413 375 426 Ν
617 317 974 394 LAELIUS

328 1411 466 1485 praebuit
484 1412 517 1466 B.
541 1410 651 1467 delent.
681 1445 719 1458 -
750 1430 779 1467 v.
797 1423 915 1476 naama,
936 1407 1015 1484 quani
1038 1419 1135 1469 tamen
1154 1407 1309 1474 consulto,
1332 1426 1389 1482 quc

314 1487 418 1562 'magis
435 1489 585 1544 hominum
608 1505 671 1542 eam
694 1506 754 1546 non
774 1487 951 1542 audientium
972 1486 1102 1558 eluceret
1133 1485 1324 1557 perversitas,
1348 1487 1390 1538 hic

330 1564 449 1633 iterasse
471 1562 632 1618 censendus
651 1576 693 1619 est
717 1563 840 1618 Tullius.
855 1563 946 1618 Oceli.
961 1593 997 1603 -
1014 1577 1101 1616 tamen
1120 1566 1175 1615 obe.
1186 1560 1234 1614 bc.
1248 1561 1284 1616 Ε.
1305 1561 1389 1634 prob.

320 1641 421 1696 ’60θῆ
441 1647 482 1692 Ν
501 1657 558 1698 σπι.
583 1654 675 1696 tamen
695 1657 722 1695 a.
742 1640 799 1696 del.
821 1639 1158 1693 B.·-suheuuda1⁴'ecc.
1198 1669 1234 1684 ·-

216 1849 363 1916 desideret)
375 1850 556 1922 aequanimus,
570 1863 644 1921 quae
658 1857 725 1902 eunt
740 1863 791 1907 na·¹
818 1863 925 1921 gamus,
945 1846 1044 1920 eicque
1065 1844 1091 1898 ci
1112 1843 1334 1918 quodammodo
1346 1844 1383 1900 ad-

215 1936 299 1982 mma
317 1941 456 1997 congrua,
481 1926 665 1979 desideramus
688 1925 789 1978 abaco·
818 1924 957 1978 minlculc
977 1926 1074 1987 unaue,
1088 1924 1215 1977 colemus
1233 1924 1376 1997 negligere

153 2033 156 2040 ·
215 2001 265 2058 liu·
287 2000 349 2056 Cst.
370 2000 521 2068 01Τ.Ῑ,’ἰιι
542 2004 682 2072 Principio
694 2004 792 2071 generi
819 2032 854 2045 -
880 2005 979 2055 variua'
996 2014 1020 2052 et
1040 2000 1189 2071 municipales)
1211 2001 1311 2052 varius
1330 2013 1375 2054 tent

214 2079 395 2132 animantium
422 2081 499 2130 omni
515 2089 553 2132 eat
575 2097 592 2130 a
614 2091 717 2131 natura
740 2078 791 2130 tri·
818 2076 961 2131 amicitiae
983 2085 1033 2140 eat,
1047 2091 1121 2147 quae
1140 2075 1310 2129 nouaclum
1331 2091 1384 2128 ccu-

215 2156 316 2218 butuuu
337 2167 366 2206 ut
386 2175 422 2218 se,
448 2156 529 2208 vitam
550 2173 699 2226 corpusque
716 2167 790 2207 tuea-
822 2151 991 2216 sentiendo,
1032 2149 1188 2205 sedetiam
1209 2150 1388 2206 adversando

215 2243 288 2304 tur„
301 2232 468 2304 declinetque
491 2248 541 2295 ea,
566 2239 641 2304 ‘quae
663 2234 805 2284 tzocituro'
823 2229 920 2302 pectit
937 2229 1036 2282 amicis
1047 2245 1056 2294 3
1078 2229 1224 2300 mielnplex,
1245 2229 1392 2298 quianon
1431 2231 1432 2236 ’

216 2307 371 2368 videantur,
390 2309 544 2379 omniaque,
557 2326 626 2380 quac
648 2308 688 2359 ad
708 2311 795 2360 vicen·
824 2323 883 2360 uno
904 2304 954 2360 sod
980 2304 1077 2357 multis
1097 2302 1277 2375 diversisque
1299 2304 1394 2359 modi!

213 2383 280 2438 dnm
314 2394 378 2435 suut
414 2385 583 2447 necessaria,
620 2386 794 2455 anquirat
823 2394 858 2437 et·
871 2377 1033 2436 rationibus
1053 2379 1132 2434 utilia
1153 2397 1214 2434 esse
1232 2391 1343 2450 potest.
1360 2412 1396 2427 -·

180 2520 184 2528 ⁵
215 2473 241 2512 et
259 2469 399 2532 parethut
416 2471 534 2530 pastum,
555 2469 584 2510 ut
603 2458 728 2526 latibula,
763 2471 793 2510 ut
822 2462 972 2530 multaeque
992 2457 1101 2522 consae)
1123 2475 1217 2509 creusae
1235 2455 1345 2507 dantur
1371 2456 1400 2510 h.
1431 2471 1432 2510 l

218 2536 277 2588 alia
295 2537 404 2604 gatteria
423 2535 550 2608 ejusdem.
577 2543 606 2588 et
626 2535 714 2587 Vera.
736 2535 789 2598 IV,
821 2535 841 2591 l.
864 2533 935 2587 alluit
953 2544 1089 2604 utsupra
1111 2549 1135 2584 c.
1157 2538 1198 2590 16·
1218 2529 1241 2600 ᾗ·
1263 2539 1316 2592 592
1339 2551 1401 2584 an·
1431 2523 1433 2608 l

218 2616 266 2677 luit:
288 2629 337 2662 nec
357 2611 507 2682 quidquam
522 2629 554 2662 ex
574 2629 603 2662 eo
620 2610 692 2679 sano
710 2630 790 2683 prae·
819 2630 863 2663 aas
883 2611 967 2674 dare,·
988 2619 1032 2664 est
1051 2609 1140 2680 igitur
1160 2623 1239 2660 cause
1258 2605 1338 2674 justa
1361 2607 1400 2662 ad

215 2699 259 2739 ter
284 2705 366 2738 tentem
397 2686 588 2756 pet-paruulum
618 2688 728 2754 st'gnum
757 2704 789 2736 ex
820 2685 1020 2748 accusandum,
1042 2696 1072 2738 ut
1092 2683 1148 2738 tu.
1170 2684 1234 2748 Vll,
1255 2692 1286 2743 δι
1316 2702 1400 2737 cnu-
1432 2693 1433 2770 q

214 2781 280 2816 aere
292 2761 368 2814 desi
375 2761 536 2814 denatum
552 2761 794 2836 een-obsurde-l
820 2781 890 2816 eam
912 2763 960 2814 nte
980 2781 1064 2814 cauea
1085 2779 1141 2813 non
1160 2762 1247 2813 habet.
1269 2789 1305 2802 -
1329 2779 1400 2832 quat

216 2839 328 2899 ecimus)
361 2836 510 2909 eleganter
529 2834 631 2890 Verbo
662 2853 729 2890 usus
750 2845 793 2890 cat
821 2852 877 2892 tum
898 2837 1009 2901 eciem-e.
1031 2851 1086 2889 tuen
1109 2838 1173 2903 etc.)
1194 2835 1212 2888 i.
1223 2852 1248 2890 e.
1268 2851 1396 2906 quacum

217 2912 394 2968 inchoativo.
434 2913 541 2988 Sensus
567 2912 659 2967 enim:
695 2929 794 2984 quem·
822 2931 972 2968 causacum
998 2913 1068 2967 alias
1094 2913 1213 2975 evitare,
1241 2911 1260 2965 i.
1281 2928 1309 2964 e.
1339 2927 1397 2966 ιιοιι

218 3005 305 3064 quam
324 2999 427 3044 natura
447 2999 504 3042 tam
525 2988 701 3053 claranum,
722 2987 793 3061 quid
822 2989 1068 3054 animadvertere,
1101 2989 1171 3042 aliae
1197 2987 1304 3042 elevare
1332 2987 1354 3042 i.
1374 3005 1397 3042 e.

218 3064 301 3128 velit,
320 3065 442 3129 clamat,
463 3075 558 3119 tamen
577 3081 641 3118 eam
662 3082 722 3118 non
741 3081 790 3118 au·
821 3064 1034 3120 animadversae
1053 3063 1201 3130 minuere,
1221 3065 1291 3118 alias
1305 3065 1395 3136 serre,

218 3139 332 3205 (limus,
371 3151 458 3212 atque
477 3157 562 3216 auree
585 3151 702 3196 nostrae
722 3153 792 3195 tam·
822 3160 896 3216 quiae
927 3142 1045 3214 quidem
1079 3141 1208 3196 excusari
1239 3152 1393 3212 nequeant,

220 3233 307 3290 quam
331 3216 470 3288 oppletae
502 3217 554 3272 hac
580 3217 793 3272 vociferatione
822 3219 959 3291 capientia
984 3229 1036 3272 eet.
1076 3215 1213 3272 Ceterum
1237 3216 1313 3271 haec
1336 3219 1388 3270 md

219 3292 434 3348 obsurdescunt
454 3293 550 3348 etiam.
589 3294 685 3348 Po'stie
706 3294 795 3366 igitur
823 3311 867 3350 tae
886 3315 960 3350 caus.
981 3329 1017 3340 -
1039 3321 1074 3339 ι-
1094 3298 1223 3365 sapientis
1240 3306 1279 3347 eet
1301 3294 1391 3348 obitet

219 3367 414 3426 statuerent.
426 3369 571 3439 Hystercn
592 3404 627 3415 -
647 3372 795 3425 Protecon
823 3382 933 3430 tentum
954 3369 1076 3434 dixit,ut
1094 3387 1183 3426 nexus
1203 3369 1239 3426 ait
1254 3386 1325 3423 eum
1340 3387 1396 3426 eea·

219 3444 359 3504 excidisse
368 3444 506 3516 scriptori
516 3463 571 3516 pro
579 3459 669 3500 tamen
677 3467 718 3512 ea,
726 3467 796 3522 quae
825 3448 918 3512 tentia
937 3447 1123 3518 sequentiu-
1164 3467 1219 3500 una
1240 3449 1287 3500 iila
1299 3450 1396 3501 subice.

222 3524 257 3579 ab
274 3541 468 3586 eamonemur,
488 3541 545 3574 non
566 3523 700 3588 audium,
715 3537 796 3596 atque
822 3525 890 3598 aff.)
920 3523 991 3576 haec
1011 3521 1186 3580 contractius
1205 3540 1281 3595 prot
1311 3524 1398 3588 „Orn-

220 3600 304 3674 etiam
317 3599 407 3652 nescio
420 3598 557 3670 quomodo
571 3599 795 3654 obsurdescimue·
824 3601 896 3654 uino
916 3596 1040 3671 quidem
1055 3598 1280 3654 offoutioncsin
1302 3598 1399 3654 amici·

139 3717 152 3740 „
221 3671 359 3728 Ceterum
380 3672 478 3727 nescio
499 3690 536 3726 an
556 3673 794 3728 illudtamenma·
823 3675 863 3733 tia
882 3673 1094 3730 auntvitandac
1107 3693 1117 3744 ς
1138 3675 1290 3730 illaautem
1308 3675 1398 3730 offen-

164 3797 166 3804 .
220 3748 278 3803 liue
295 3747 399 3804 abesse
419 3748 574 3814 debeat,ut
593 3748 674 3806 decet
694 3751 724 3804 in
743 3749 794 3804 eli·
824 3752 884 3816 cic,
912 3767 998 3823 quam
1024 3751 1156 3814 iactastis
1176 3751 1284 3808 hahere
1307 3749 1399 3823 possit

220 3833 294 3896 quot
312 3823 405 3880 liba-ie.
446 3856 482 3869 -
522 3840 560 3880 en
579 3829 662 3894 enim)
681 3831 752 3881 enim
766 3825 795 3881 h.
822 3825 984 3884 admonitio
1004 3829 1166 3884 amicorum
1192 3839 1277 3900 atquc
1298 3827 1401 3896 objur-

220 3898 242 3954 l.
262 3916 317 3972 pcc
345 3920 436 3973 nempe
461 3901 589 3972 pesitum
610 3913 657 3957 eat
681 3902 718 3956 ad
742 3919 794 3957 nc·
823 3903 918 3979 gutia,
938 3901 1182 3976 suscipienda-eet
1201 3904 1251 3958 illa
1270 3903 1401 3976 quidem,

221 3991 289 4030 vam
333 3975 504 4033 coutentium
543 3977 794 4034 introducendam·
824 3978 876 4036 set
896 3979 1033 4036 monendi
1061 3979 1182 4036 lenitate
1209 3991 1239 4034 et
1267 3979 1398 4034 benevc·

221 4051 315 4106 Nexut
335 4063 431 4108 autem
451 4063 511 4108 esta
541 4071 715 4127 quamquam
735 4065 795 4110 tau·
826 4057 914 4113 lentie
952 4054 1160 4112 sublevandam
1208 4053 1399 4128 saseipteada

220 4137 250 4184 ta
270 4137 313 4184 eet
339 4127 370 4181 ia
394 4127 520 4184 amicitia
545 4129 590 4185 vie
609 4141 745 4197 naturae,
765 4142 799 4188 ut
826 4144 922 4188 autem
947 4143 1005 4196 cet,
1038 4147 1076 4184 ne
1105 4129 1236 4186 officium
1265 4134 1395 4192 veritatis,

225 4218 312 4260 acmo
335 4204 408 4260 velit
428 4219 490 4260 ctae
518 4203 682 4274 uolitat-ius,
709 4218 797 4281 atquc
825 4225 900 4282 quae
923 4208 1018 4264 amico
1043 4205 1184 4274 debatur,
1216 4223 1291 4264 neve
1323 4210 1395 4276 fidet

221 4279 298 4334 alter
319 4279 348 4333 in
369 4281 677 4354 alternaequieacere,
693 4282 735 4338 ab
747 4301 796 4338 ec·
825 4301 912 4358 quam
930 4282 1016 4340 nobie
1036 4281 1124 4344 habet
1142 4285 1261 4351 amicat,
1281 4281 1398 4342 decere·

221 4369 279 4428 quc
299 4353 449 4424 adjuvari:
472 4367 568 4412 tamm
581 4358 657 4412 hunc
675 4358 795 4432 quidem
823 4371 883 4418 tur.

220 4447 306 4486 utum
323 4430 484 4500 amicitiae,
504 4443 539 4490 ut
556 4433 681 4492 alterum
701 4436 793 4494 ectri·
