2878 5042
224 336 273 410 96
470 329 526 370 ·'
636 318 999 396 ‘nannius'

222 521 333 564 rerum
352 496 546 583 privatarum
565 492 751 570 consilium,
782 496 818 558 in
839 495 951 559 cadem
970 494 1101 579 requies
1125 493 1222 576 plena
1245 491 1398 557 oblecta-

222 605 321 668 tionis
346 605 417 668 fuit.
475 605 644 686 Nunquam
674 601 764 664 illum
792 591 995 666 nc·minin1a
1027 601 1157 686 quidem
1182 620 1219 661 rc
1249 599 1392 674 offendi.

222 711 308 798 quod
331 710 460 798 quidem
490 708 662 786 senserim3
696 707 776 769 nihil
804 707 911 771 audiri
937 729 976 770 cx
1003 709 1093 791 ipso,
1123 707 1209 790 quod
1238 707 1386 780 nollem
1425 694 1426 720 ¹

221 839 283 880 una
303 816 414 879 domus
440 813 544 896 [crat],
568 813 655 876 idem
676 815 798 887 rictus,
823 813 917 900 isque
936 813 1131 893 communis3
1155 832 1263 895 neque
1290 813 1391 872 solun

219 923 342 999 militia,
374 922 431 984 scd
458 922 553 985 etiam
573 909 854 1003 pcr'cgrinationei
869 919 1155 1004 rusticationesque
1188 938 1393 981 communes.
1425 929 1426 936 ’

162 1033 303 1105 loaNam
327 1027 404 1116 quid
426 1047 487 1111 ego
521 1027 562 1089 de
585 1025 697 1090 studiis
727 1023 828 1095 dicam
854 1007 1071 1108 cognoscendi
1104 1045 1233 1108 semper
1268 1024 1394 1112 aliquid
1426 1060 1427 1092 t

220 1149 316 1220 atquc
341 1132 512 1196 discendi?
539 1131 574 1195 in
592 1130 708 1215 quibus
725 1132 843 1195 remoti
867 1131 906 1192 ab
926 1132 1027 1194 oculis
1053 1131 1166 1216 populi
1185 1151 1287 1195 omno
1315 1132 1394 1196 otio-

220 1263 289 1304 sum
308 1219 434 1325 tompus
456 1239 674 1302 contrivimus.
717 1237 859 1332 Quarum
881 1259 990 1300 rerum
1013 1237 1196 1300 recordatio
1214 1251 1246 1300 et
1270 1259 1394 1300 memo-

217 1347 267 1410 ria
288 1347 315 1409 si
339 1369 401 1410 una
425 1345 571 1409 camillo
594 1343 775 1420 occidisset,
797 1341 993 1416 desiderium
1015 1343 1271 1405 coniunctissimi
1286 1353 1393 1430 ‘atquo
1426 1373 1427 1378 ¹

219 1452 424 1516 amantissimi
449 1453 512 1517 viri
534 1452 624 1513 ferre
647 1450 854 1514 nullomodo
880 1439 1019 1531 possem.
1074 1450 1140 1513 Sed
1163 1449 1308 1535 nccsilla
1339 1472 1391 1513 ex·

217 1561 331 1624 stincta
355 1573 438 1634 sunt,
462 1559 587 1621 aluntur
599 1558 706 1639 potius
722 1574 754 1622 et
775 1573 933 1644 augentur
949 1555 1142 1639 cogitatione
1158 1572 1192 1620 et
1205 1557 1388 1618 momoria:
1427 1563 1428 1655 l

217 1679 259 1740 et,
284 1665 312 1728 si
331 1665 396 1729 illis
416 1664 513 1747 plane
535 1665 665 1728 orbatus
685 1683 806 1739 essem,
841 1683 989 1748 maguum
1016 1661 1290 1728 tamcn'afferret
1314 1664 1387 1726 mitt
1427 1671 1428 1689 ¹

222 1873 641 1888 m

256 2071 281 2146 §.
303 2079 364 2140 lolt.
387 2105 422 2118 -
461 2091 491 2129 v.
510 2093 562 2126 esse
584 2073 679 2127 debent
700 2069 734 2122 B.
758 2073 800 2132 [1-
825 2099 860 2114 -ι
880 2086 955 2150 naq.
975 2046 1048 2130 tunt.
1071 2069 1101 2126 b.
1124 2070 1157 2126 E·
1172 2089 1217 2160 ⁴ut.
1234 2069 1278 2126 Μ.
1301 2071 1333 2126 1..
1348 2069 1375 2124 lx·

330 2173 363 2227 B.
391 2176 431 2224 ω
452 2174 516 2227 rint.
536 2188 560 2226 c.
579 2191 607 2231 v.
628 2172 665 2226 V.
686 2170 722 2224 R.
740 2169 774 2222 P.
796 2177 823 2229 ὅ·
847 2178 873 2227 1·
892 2176 918 2226 2.

253 2371 278 2442 i.
302 2377 365 2438 loq„
404 2373 475 2428 Nam
495 2370 565 2446 quid
584 2371 655 2440 ego)
676 2365 713 2422 de
733 2385 787 2424 usu
811 2385 844 2423 cx
864 2367 920 2427 hoc
943 2379 1085 2441 tempore.
1125 2399 1161 2414 -
1200 2372 1230 2424 in
1250 2369 1305 2422 hoc
1320 2371 1391 2426 desi·

214 2446 377 2504 Pailiculae
397 2466 470 2500 nam.
511 2445 571 2500 Cfr.
593 2461 680 2518 cupra
700 2455 785 2508 (2913.
810 2445 901 2512 dario)
941 2446 1102 2499 desiderium
1127 2457 1157 2502 ct
1184 2443 1218 2500 de
1244 2461 1304 2510 e0,
1338 2448 1393 2520 qul

216 2523 240 2594 p.
261 2530 307 2592 [45.
349 2552 385 2563 -
425 2523 612 2592 cogitoscendi
630 2527 662 2564 -'
683 2522 786 2575 discen·
813 2517 969 2586 desiderat,
986 2533 1015 2576 ct
1035 2522 1085 2590 qui
1105 2522 1298 2585 desideratur,
1326 2523 1395 2581 dici

215 2602 259 2666 di)
286 2597 340 2652 cir.
359 2615 433 2670 quac
447 2597 569 2651 diximus
590 2595 625 2650 da
646 2595 787 2650 discrimi-
811 2596 928 2649 solitum
941 2608 992 2650 eat.
1013 2597 1077 2651 cfr.
1090 2599 1155 2655 But.
1170 2601 1232 2662 Li:
1252 2604 1395 2670 Augebat
1430 2609 1431 2612 ’

215 2691 253 2730 na
262 2691 366 2728 vocum
377 2675 511 2744 cognitio,
522 2685 551 2728 ct
559 2673 692 2728 doctriita
708 2681 786 2732 απ.
812 2675 892 2725 ettam
911 2677 1067 2739 molestiam,
1082 2681 1148 2749 quia
1159 2693 1259 2744 magna
1272 2682 1391 2749 sapien.

213 2751 239 2823 §-
261 2757 305 2812 86.
324 2782 360 2793 -
397 2750 542 2824 inquibus
561 2751 670 2817 remoti)
696 2751 740 2802 De
754 2767 787 2802 ro
810 2753 876 2803 tium
905 2751 1025 2816 civium,
1053 2755 1236 2825 bonorumque
1263 2762 1391 2823 penuriis

216 2827 271 2882 cfr.
292 2824 437 2897 Scipionis
465 2841 529 2878 cum
564 2825 597 2905 Q.
626 2825 786 2880 Tuberone
811 2829 852 2879 vir
898 2831 1049 2898 egregius,
1096 2829 1391 2906 conjunctissimasque

182 2945 186 2954 .
214 2919 378 2959 sermonem
400 2902 429 2954 in
449 2902 468 2957 l.
490 2903 503 2954 l
526 2900 561 2955 de
593 2919 655 2974 rep.
673 2919 698 2954 c.
719 2911 745 2964 9.
766 2900 786 2954 f.
810 2909 911 2956 micum
924 2906 1100 2961 consiliorum
1113 2906 1389 2973 omniumsocietata,

215 2991 245 3035 ct
266 2995 331 3032 cum
358 2977 458 3032 Laelio
481 2977 522 3031 ib.
547 2995 571 3030 c.
600 2988 650 3037 13:
689 2984 730 3031 Ac
748 2997 788 3030 mc
811 2979 973 3032 alienissimo
1001 2983 1164 3052 reipublicae
1195 2993 1321 3054 tempore
1347 3005 1389 3036 c:-

214 3057 332 3132 quidem,
350 3057 545 3121 ut(Hcrcu1a!)
560 3058 639 3107 ctiam
654 3057 787 3126 teipsum,
809 3058 933 3118 stinellas,
952 3069 977 3108 at
992 3057 1166 3109 auctoritatis
1177 3070 1204 3109 ct
1218 3060 1386 3131 prudentior

214 3135 305 3196 Laeli,
341 3133 478 3203 omnaque
514 3130 612 3184 aridos
639 3134 789 3201 supientiae
811 3150 876 3184 suae
895 3133 973 3184 triste
986 3133 1062 3185 nobit
1086 3133 1309 3187 desiderium
1327 3139 1383 3189 reli·

211 3206 340 3276 cognitio
359 3209 417 3278 ipsa
438 3225 527 3258 rerum
550 3206 797 3279 comideratioqnc·
812 3221 918 3280 querat.
933 3217 961 3261 et
979 3206 1052 3261 Phil.
1066 3208 1100 3272 X,
1123 3217 1138 3268 7
1148 3228 1155 3262 t
1176 3212 1279 3262 Brutus
1291 3227 1375 3266 notter

165 3311 168 3318 ⁴
215 3284 339 3338 delectat.
389 3284 459 3335 Tum
482 3284 603 3336 Laelius:
623 3287 687 3336 Non
708 3285 788 3356 impe·
811 3297 871 3336 crat
894 3287 924 3336 in
943 3281 1089 3338 desiderio
1110 3286 1243 3349 civitatis,
1270 3289 1306 3340 in
1331 3307 1380 3350 ora,

111 3403 117 3408 .
214 3360 274 3422 dio,-
292 3361 449 3431 pracsertim
475 3365 605 3432 quoniam
621 3359 787 3430 striati—su·
810 3362 983 3414 insertione
1007 3364 1135 3414 omnium.
1173 3389 1209 3407 -ι-
1249 3365 1336 3416 etium
1363 3364 1387 3416 si

216 3455 290 3500 mun·
311 3443 340 3488 et
357 3432 387 3485 in
408 3432 509 3502 primis
530 3434 570 3487 ib.
594 3451 619 3491 c.
643 3441 689 3493 20.
711 3433 731 3487 f.
749 3463 784 3476 -
809 3438 1008 3506 magnasunt)
1032 3435 1219 3491 Restituenda
1237 3449 1280 3492 est
1294 3440 1387 3494 lectio

160 3574 163 3581 Ι
214 3510 373 3564 recordatio
393 3513 573 3578 atmemoria)
593 3512 786 3564 retardatione
809 3513 926 3583 vulgata
953 3515 1030 3577 rint,
1061 3529 1147 3584 quam
1173 3523 1255 3568 rocla
1284 3526 1391 3572 tuctur

212 3586 325 3640 animus
347 3583 378 3636 in
398 3595 511 3656 tompus
529 3587 719 3656 praeteritum
740 3603 784 3640 ro·
809 3587 967 3657 Zumptius.
1000 3587 1100 3643 Falsus
1122 3599 1217 3644 autem
1231 3600 1274 3644 ost
1291 3593 1388 3648 Gorn-

214 3661 350 3724 vertitur‚
369 3665 498 3714 memoria
511 3671 625 3733 tempus
645 3663 784 3735 praeteri·
809 3661 915 3717 hardus
935 3662 1126 3720 Indicativum
1149 3665 1190 3720 sie
1212 3665 1385 3723 defendens.

211 3749 275 3794 tum
303 3747 392 3791 tcnot·
417 3735 471 3789 cfr.
500 3737 589 3791 Orat..
605 3740 633 3802 1,
661 3748 694 3797 22
720 3739 788 3792 milri
809 3738 954 3805 „Ponimr
975 3739 1066 3807 onim,
1089 3741 1191 3796 brevia
1212 3761 1287 3815 quac
1307 3755 1386 3811 sunu

214 3812 359 3886 repetunda
384 3826 422 3865 est
442 3817 538 3867 veteris
563 3815 705 3888 custodum
729 3835 785 3868 mc·
811 3813 912 3882 cadem
943 3833 1045 3888 magua
1074 3833 1161 3882 csse,
1195 3830 1228 3873 ut
1255 3831 1299 3874 est
1328 3821 1388 3875 hoc

163 3951 167 3957 ¹
213 3891 504 3942 moriaenonsatis
518 3893 653 3962 explicato
670 3910 786 3962 recor·
812 3892 920 3963 ipsum,
947 3892 977 3944 in
999 3910 1057 3966 quo
1081 3909 1157 3945 nunc
1184 3906 1244 3958 cst,
1267 3897 1387 3968 Scipio-

214 3965 334 4018 ἀσκίον
357 3974 386 4020 ot
403 3966 493 4019 Prov.
514 3982 592 4020 cont.
616 3975 666 4025 12:
694 3967 790 4020 Ultimi
812 3967 855 4020 nis
868 3965 1075 4022 desiderium“.
1103 3967 1288 4042 Nequaquam
1305 3974 1386 4026 caim

202 4042 341 4112 -tcmporis
363 4041 633 4098 recordatione
647 4057 672 4096 ct
689 4045 785 4115 proxi·
809 4045 865 4098 hoc
888 4043 959 4100 dicit
977 4044 1106 4107 Laelius,
1133 4060 1223 4115 grave
1240 4045 1300 4102 sibi
1323 4067 1386 4104 cssc

209 4119 253 4170 *mi
269 4119 443 4170 mumoria.
483 4121 718 4184 -,α1αηηιν-
735 4138 785 4171 uu·
810 4118 986 4174 desiderium
1019 4119 1188 4190 Scipioni83
1226 4123 1286 4177 imo
1323 4125 1381 4197 ipat

211 4192 326 4264 peritur)
345 4194 459 4246 aluntur
476 4191 549 4249 dixit
568 4211 633 4248 cum
651 4205 787 4266 respectu
811 4196 948 4268 explicat,
979 4196 1086 4269 quibus
1111 4195 1221 4251 solatiis
1246 4198 1379 4256 dolore·

212 4265 445 4324 antecedentium
477 4274 597 4325 extincta
616 4285 704 4325 ⁴suut.
750 4298 784 4311 -
811 4271 894 4326 illum
916 4272 996 4327 icrre
1014 4272 1115 4344 possit,
1137 4272 1318 4348 omninoque
1343 4295 1384 4332 su·

213 4344 336 4411 diutius)
373 4345 570 4417 Comparativ.
599 4363 705 4420 augens
729 4363 786 4417 pro
810 4347 969 4420 apicianum
997 4348 1056 4404 viri
1095 4367 1197 4422 parum
1228 4353 1390 4410 constantis

212 4418 345 4476 Positivo
366 4424 446 4476 nimia
467 4423 525 4476 diu.
565 4453 601 4468 ·-
637 4423 711 4496 jam)
726 4422 746 4476 i.
760 4438 786 4477 c.
812 4423 896 4498 sugit.
935 4423 1065 4482 nocebat
1083 4426 1172 4502 igitur
1182 4425 1269 4496 huuc,
1284 4429 1386 4485 ctiam·
1418 4461 1420 4468 =
