2930 5046
216 303 289 415 ios
399 374 403 382 »
469 348 491 364 ”
553 290 704 406 ludex
752 327 1055 441 fflsromces

216 637 286 762 ou

691 600 700 612 .
768 531 833 630 Q

294 690 397 745 ntus,
413 676 472 734 vid.
492 677 646 750 Mucius.

769 855 815 925 R·

215 998 372 1128 'Rupilii'
379 999 443 1128 ε,ΠΡ
451 1015 505 1135 ’tea'
517 995 1003 1146 Clrbddledqbecindx9qddedtidnds
1016 995 1188 1152 idnainidds'
1201 995 1384 1145 515⁰ssqu
1456 1003 1457 1068 i

289 1151 488 1205 Gracchorum
508 1150 623 1204 habitae
642 1160 722 1213 sunt,
750 1147 801 1203 sed
822 1149 984 1220 Opimium,
1004 1145 1100 1204 virum
1118 1149 1228 1221 alioqui
1249 1161 1383 1204 sanctum
1456 1147 1457 1180 l

216 1267 221 1278 ,
284 1235 320 1281 ,et
340 1242 473 1298 gravem,
512 1223 675 1282 damnatum
695 1237 797 1298 postea
823 1224 932 1279 iudicio
952 1225 1087 1297 publico,
1126 1225 1267 1278 memoria
1289 1225 1384 1296 ipsius

217 1325 221 1348 =
290 1301 441 1373 saevitiae,
467 1301 547 1358 nulla
568 1303 660 1357 civilis
681 1311 831 1375 persecuta
851 1312 894 1356 est
912 1299 1122 1356 misericordia.
1161 1299 1269 1354 Eadem
1290 1301 1383 1372 Rupi-
1456 1299 1457 1358 l

291 1379 364 1432 lium
382 1377 618 1450 Popilliumque-,
638 1378 688 1450 q'ui
709 1377 790 1440 Coss.
809 1377 969 1448 asperrime
990 1377 1019 1429 in
1040 1376 1105 1430 Tib.
1123 1374 1250 1430 Gracchi
1270 1377 1384 1440 amicos

65 1599 69 1609 ⁸
214 1611 285 1682 ltus

7 4005 8 4053 l

7 4109 9 4144 t

7 4167 8 4222 l

7 4303 9 4332 t

7 4591 10 4672 l

7 4867 100 4992 'a

290 1529 377 1582 vidia.

290 1454 467 1519 saevierant,
497 1465 598 1526 postea
623 1453 798 1510 iudiciorum
824 1453 1010 1525 publicarum
1035 1452 1142 1508 merite
1159 1452 1307 1524 oppressit
1339 1453 1384 1507 in·
1456 1477 1457 1520 ,

297 1627 439 1680 risose.
466 1643 491 1679 υ.
517 1635 569 1687 or.
596 1625 620 1695 t.
650 1635 749 1694 101.;
789 1599 926 1680 aron.
952 1625 1070 1684 11.1s.
1109 1621 1382 1682 esstrnmssuum

217 1707 220 1714 '
291 1715 320 1758 et
339 1703 369 1755 in
389 1702 525 1774 optimam
545 1714 657 1774 partem
677 1701 890 1774 cognoscuntur
909 1700 1127 1770 adolescentes,
1147 1700 1197 1772 qui
1218 1717 1248 1755 se
1268 1699 1306 1754 ad
1323 1701 1382 1754 cla·
1456 1715 1457 1770 j

214 1798 218 1809 .
288 1796 340 1834 ros
361 1789 389 1833 et
406 1778 549 1848 sapientes
569 1778 666 1842 viros,
703 1777 778 1830 bene
799 1778 981 1830 consulentes
1001 1776 1046 1830 rei
1066 1775 1217 1847 publicae,
1245 1778 1381 1832 contule-

289 1863 373 1909 runt:
394 1853 609 1925 quibuscumsi
631 1845 798 1924 frequentes
818 1864 891 1918 sunt,
913 1853 1079 1922 opinionem
1099 1850 1236 1907 adserunt
1254 1853 1382 1924 populo,

290 1946 392 1984 eorum
414 1928 479 1982 iore
499 1929 621 1994 similes,
648 1935 721 2002 quos
741 1929 796 1982 sibi
817 1928 870 1999 ipsi
891 1928 1052 2000 delegerint
1070 1927 1107 1981 ad
1128 1927 1306 1981 imitandum.
1348 1931 1383 1984 P.

289 2005 401 2064 Rutilii·
427 2002 651 2064 adolescentiam
688 2003 725 2058 ad
752 2004 920 2075 opinionem
951 2015 986 2060 et.
1013 2004 1195 2060 innocentiae
1241 2015 1271 2062 et
1306 2005 1381 2062 iuris

153 2421 157 2428 Χ
185 2483 189 2488 .
212 2424 282 2496 S'ca

196 2097 199 2104 ⁴
290 2081 428 2138 scientiae
457 2083 489 2138 P.
509 2081 600 2136 Mucii
620 2079 834 2138 commendavit
853 2079 965 2136 domus.
1012 2118 1014 2122 -

719 2259 809 2332 ,s

285 2425 403 2508 ‚evola
423 2437 457 2516 Q.
478 2437 629 2492 Mucius
649 2455 672 2490 e.
695 2448 720 2497 1.
739 2437 762 2509 §.
784 2447 810 2496 1.
832 2455 856 2491 c.
877 2445 903 2498 2.
924 2437 946 2510 §.
968 2447 994 2498 7.
1035 2435 1078 2490 cf.
1098 2413 1200 2490 Brut.
1222 2443 1275 2500 89.
1313 2439 1374 2514 Ego

288 2523 400 2578 autern,
421 2512 493 2566 iuris
513 2514 609 2566 civilis
628 2511 739 2578 studio,
760 2515 880 2568 multum
902 2530 1008 2584 operae
1029 2511 1131 2566 dabam
1153 2515 1186 2592 Q.
1206 2511 1372 2581 Scaevolae,

287 2589 320 2650 Ρ.
341 2587 417 2642 filio:
445 2589 494 2660 qui
523 2607 694 2662 quamquam
720 2590 828 2644 nemini
854 2607 884 2644 se
904 2588 940 2643 ad
960 2587 1121 2642 docendum
1142 2587 1243 2654 dabat,
1270 2601 1377 2657 tamen,
1456 2609 1457 2634 l

217 2661 220 2670 ⁴
289 2664 506 2719 consulentibus
526 2665 748 2736 respondendo,
773 2663 916 2720 studiosos
938 2663 1072 2718 audiendi
1103 2663 1234 2719 decebat.
1280 2665 1378 2738 Atque
1456 2671 1457 2692 ¹

287 2739 362 2806 buio¹
375 2757 450 2800 anno
471 2739 618 2811 proximus
638 2741 719 2796 Sulla
740 2741 858 2795 consule
878 2752 906 2795 et
925 2741 1067 2812 Pompeio
1087 2738 1159 2806 fuit,
1179 2752 1238 2794 tum
1258 2743 1290 2796 P.
1311 2744 1378 2798 Sul·
1456 2763 1457 2788 l

213 2813 246 2894 'a'
286 2813 358 2886 picii
378 2815 407 2868 in
427 2816 576 2871 tribunatu
595 2817 725 2889 quotidie
746 2817 942 2871 concionantis
968 2828 1060 2870 totum
1080 2833 1168 2888 genus
1188 2813 1303 2872 dicendi
1325 2839 1378 2890 pe-

214 2938 220 2954 ,
244 2945 246 2954 ,
287 2891 364 2944 nitus
384 2893 580 2966 cognovimus.
613 2893 654 2946 Et
673 2893 770 2948 Orat.
792 2895 815 2948 1.
834 2899 896 2959 45st
917 2893 967 2946 Est
985 2893 1046 2946 sine
1067 2890 1157 2945 dubio
1171 2893 1272 2948 domus
1288 2893 1377 2964 juris·

211 2963 238 3052 ζ’
262 3005 266 3011 .
288 2966 410 3022 consulti
432 2967 519 3022 totius
540 2967 690 3022 oraculum
710 2968 842 3024 civitatis.
882 2969 974 3024 Testis
1000 2979 1043 3023 est
1070 2970 1104 3047 Q.
1124 2967 1215 3022 Mucii
1239 2970 1326 3038 janua
1348 2982 1379 3027 et
1456 2961 1457 3018 l

220 3045 224 3054 '
249 3035 479 3108 “uestibulum
512 3043 591 3117 quod
611 3043 641 3096 in
661 3045 722 3098 aius
748 3045 939 3100 infirmissima
958 3041 1116 3098 valitudine
1135 3045 1297 3118 affectaque
1318 3047 1377 3101 iam

287 3121 398 3186 aetate,
430 3120 551 3174 maxima
570 3119 700 3192 quotidie
721 3119 885 3193 frequentia
906 3120 1012 3176 civium
1032 3137 1065 3176 ac
1085 3126 1262 3176 summorum
1281 3121 1377 3176 bomi-

287 3209 356 3246 num
375 3193 531 3266 splendore
551 3196 733 3265 celebratum
764 3209 794 3251 et
813 3197 855 3252 de
875 3187 1011 3267 Ilepub.
1039 3198 1061 3250 1.
1090 3203 1141 3254 12.
1179 3197 1299 3252 Dixerat
1318 3199 1378 3275 boe

287 3268 348 3334 ille,
369 3288 434 3325 eum
453 3289 528 3350 puqr
546 3267 694 3328 nuncialit
714 3273 813 3328 venire
833 3272 870 3328 ad
890 3290 955 3326 eum
975 3271 1124 3336 Laelium,
1150 3271 1296 3346 domoque
1317 3274 1377 3330 iam

287 3346 386 3401 exisse.
435 3349 509 3402 Tum
529 3347 647 3420 Scipio,
686 3349 789 3402 calceis
816 3360 845 3404 et
871 3347 1048 3404 vestimentis
1068 3347 1177 3414 sumtis,
1197 3367 1213 3403 e
1234 3348 1374 3408 cubiculo

224 3427 234 3496 ξ
286 3432 330 3476 est
349 3437 495 3496 egressum
535 3435 564 3478 et
584 3439 647 3477 cum
666 3425 815 3496 paululum
841 3424 1075 3478 inambulavisset
1094 3423 1124 3476 in
1143 3425 1276 3494 porticu,
1304 3425 1376 3484 Lae·

263 3495 357 3550 ·lium
378 3498 578 3554 advenientem
599 3501 747 3566 salutavit,
768 3511 797 3555 st
816 3516 883 3564 eos,
897 3499 947 3571 qui
967 3516 1022 3552 una
1040 3512 1205 3567 *veneream
1231 3501 1375 3572 Spurium

215 3577 218 3584 '
284 3571 467 3640 Mummium,
487 3591 573 3647 quem
592 3575 622 3628 in
642 3575 743 3647 primis
770 3575 923 3650 diligebat,
950 3586 980 3629 et
999 3575 1031 3628 C.
1052 3577 1208 3641 Fannium,
1235 3588 1264 3632 et
1285 3580 1372 3658 Quin·
1456 3619 1457 3622 ,

209 3803 407 3881 Scaevola
431 3827 467 3905 Q.
486 3844 511 3880 e.
533 3836 559 3886 1.
580 3825 604 3897 §.
633 3836 674 3892 1.‚
695 3826 738 3882 ci.
758 3791 857 3881 Brut.
877 3833 928 3887 39.
948 3825 1045 3900 itque
1062 3828 1102 3884 ita
1120 3839 1181 3882 tum
1201 3827 1238 3882 ab
1257 3829 1304 3886 bis
1322 3847 1374 3902 pa·
1456 3861 1457 3868 κ

284 3659 345 3705 tum
366 3651 552 3740 Scaevolam,
578 3669 703 3726 generos
720 3652 820 3717 Laelii,
841 3651 942 3706 doctos
962 3650 1174 3720 adolescentes,
1202 3653 1259 3708 iem
1279 3667 1370 3713 aetate

285 3738 476 3798 quaestorios.

283 3902 376 3956 tronis
395 3903 579 3976 aequalibus,
608 3903 694 3959 etiam
713 3902 1029 3967 consularibus,·causa
1046 3903 1095 3959 illa
1116 3903 1192 3959 dicta
1212 3915 1270 3970 est,
1306 3925 1375 3961 cum

283 3987 407 4050 uterque
427 3997 461 4033 ex
480 3979 625 4035 contraria
644 3989 729 4050 parte
748 3979 792 4034 ius
811 3977 897 4033 civile
916 3977 1097 4044 defenderet,
1109 3991 1150 4034 ut
1169 3981 1374 4054 eloquentium

283 4052 356 4108 iuris
379 4054 570 4124 peritissimus
584 4056 733 4120 *Crassum
753 4054 988 4126 iurisperitorum
1014 4056 1265 4128 eloquentissimus
1286 4059 1375 4114 Scae·

282 4130 350 4184 vola
370 4141 538 4202 putaretur:
570 4132 620 4204 qui
648 4129 766 4204 quidem
794 4147 861 4184 cum
880 4142 1034 4202 peracutus
1054 4131 1189 4188 esset-ad
1210 4135 1373 4208 excogitan-

283 4203 361 4271 dum,
381 4205 451 4278 quid
471 4207 501 4260 in
521 4205 585 4262 iure
604 4217 654 4262 aut
674 4207 703 4260 in
723 4223 817 4279 aequo
837 4223 940 4263 verum
960 4219 1009 4262 aut
1029 4219 1118 4273 esset,
1138 4219 1266 4264 autnon
1286 4223 1374 4278 essct,
1456 4273 1457 4276 Ἴ

281 4291 343 4336 tum
361 4281 461 4338 nerbis
481 4294 545 4339 erat
562 4283 598 4338 ad
618 4299 681 4338 rem
701 4299 766 4339 cum
785 4299 896 4338 summa
916 4282 1062 4338 brevitate
1082 4283 1256 4340 mirabiliter
1275 4299 1373 4359 aptus.

282 4367 321 4413 et
354 4356 426 4413 Off.
452 4359 519 4414 ΙΙΙ.
548 4369 599 4422 15.
639 4357 812 4416 Tollendum
833 4351 985 4432 est'igitur
1004 4377 1038 4414 ex
1057 4355 1149 4416 rebus¹
1166 4362 1374 4419 contrahendis

281 4451 368 4492 omno
385 4431 575 4491 mendacium.
615 4433 679 4512 Non
706 4435 910 4492 inlicitatorem
930 4433 1089 4504 venditor,
1108 4435 1176 4506 non,
1196 4437 1247 4512 qui
1267 4451 1373 4497 cenna
