2878 5042
228 229 233 255 l

337 319 416 392 nn
442 313 728 424 Alnrctrsn
753 309 872 384 car.
898 320 959 392 20.
1025 311 1050 354 ·-
1194 311 1243 385 es

61 501 168 586 magis
196 499 232 561 iu
262 493 349 560 veris
378 473 525 578 petrilms
550 491 718 577 certisque
741 484 931 578 faciendum.
983 483 1126 557 Fructus
1156 479 1243 544 enim

58 604 196 693 ingenii
218 617 252 674 et
268 601 392 666 tirtutis
413 599 582 684 omnisque
604 593 817 676 praestantiae
841 605 906 656 tum
928 589 1083 654 maximus
1106 585 1242 670 cupitur,
1288 681 1290 693 .

64 735 173 804 quum
197 711 233 774 in
252 706 434 793 proximum
453 720 614 789 quemque
635 696 811 769 confertur.

86 1040 94 1071 ,
198 986 267 1048 XX.
310 985 352 1046 Ut
369 979 470 1064 igitur
488 975 522 1052 ii,
543 975 692 1063 quisunt
713 974 747 1038 iu
764 974 920 1052 amicitiae
941 970 1242 1068 coniunctionisque
1264 975 1304 1036 71

71 1091 317 1156 necessitudine
348 1085 553 1169 superiores,
581 1101 759 1168 exaequare
783 1101 892 1146 secum
911 1079 1087 1144 inferiores
1109 1077 1245 1144 debenus

67 1197 120 1260 sic
139 1194 316 1258 inferiores
335 1215 404 1276 non
423 1191 553 1276 dolere,
576 1211 612 1252 se
636 1189 737 1251 esuis
757 1201 810 1250 aut
827 1185 960 1272 ingenio
983 1199 1036 1248 eut
1051 1183 1180 1247 fortuna
1192 1196 1248 1244 aut

66 1303 231 1387 dignitate
251 1298 411 1382 superari.
454 1299 601 1394 Quorum
620 1296 769 1380 plerique
785 1310 839 1357 eut
854 1306 1033 1378 queruntur
1048 1309 1178 1376 semper
1190 1287 1247 1352 uli-

129 1491 168 1532 71·
197 1485 235 1528 ΒΕ
262 1485 326 1527 ΘΗΜ
354 1478 571 1536 tunnetomnus
600 1501 626 1512 .-

69 1791 180 1863 pertire
199 1797 309 1858 spectet
336 1783 375 1840 ed
404 1798 508 1839 vocem
528 1783 647 1852 fortuna
672 1783 763 1847 dictu,
790 1785 913 1839 miseram
924 1783 1015 1855 fluisse
1033 1769 1111 1838 ialem
1127 1777 1247 1836 senectu-⁸

74 1866 109 1918 in
120 1861 376 1936 praecedentibus,
393 1862 595 1915 communicare
612 1859 651 1934 ull
673 1874 733 1914 tem.
774 1857 836 1914 Gsr.
858 1875 946 1932 supra
969 1877 993 1913 c.
1016 1869 1040 1918 1.
1061 1859 1085 1932 §.
1105 1867 1140 1918 2:
1157 1861 1249 1911 mems'b

71 1957 165 1996 voces
196 1943 283 1995 virtus
311 1931 343 1994 ei
371 1940 519 2008 ingenium.
577 1937 649 1992 Nam
674 1940 824 1990 nisti'ens‘m
842 1937 1012 2010 profecto
1038 1937 1058 1990 i.
1081 1953 1107 1991 e.
1127 1945 1159 1989 ut
1176 1948 1248 1992 vere

67 2019 211 2090 impertire
240 2027 284 2070 est
313 2031 378 2068 rem
401 2014 497 2086 ipsam
519 2013 650 2086 partire,
676 2013 783 2068 lactum
809 2023 868 2082 est3
890 2023 919 2068 et
938 2030 964 2066 c.
987 2021 1032 2080 lls·
1054 2011 1077 2082 §2
1100 2021 1150 2072 50:
1169 2031 1248 2084 pro·

69 2096 279 2148 communicare
296 2107 378 2144 usum
392 2091 514 2160 alicujus
525 2090 571 2146 rei
587 2107 653 2144 cum
669 2090 772 2162 secto
792 2108 882 2142 verum
905 2109 958 2144 esse
976 2089 996 2142 i.
1010 2105 1036 2144 e.
1048 2099 1082 2142 re
1098 2088 1160 2159 ipsa
1175 2087 1249 2142 acci-

73 2170 181 2240 aliquo
215 2183 395 2245 communem
425 2166 543 2222 hubone.
590 2166 653 2236 Gfr.
678 2165 758 2219 dere.
797 2192 832 2204 -
875 2169 944 2218 veris
962 2193 998 2206 -
1022 2163 1167 2237 certisque)
1194 2163 1252 2217 veri

74 2247 162 2297 Fam.
176 2243 242 2307 XV,
258 2249 305 2300 21.
343 2273 376 2284 -
412 2245 453 2297 ael
470 2245 574 2310 animo)
591 2243 610 2296 i.
626 2260 652 2297 e.
678 2252 786 2314 patres,
806 2239 856 2312 qui
876 2250 942 2294 sunt
963 2240 994 2294 iu
1011 2241 1072 2296 vita
1093 2237 1251 2304 communi,

82 2317 225 2374 siminus
253 2328 374 2390 possunt
396 2318 508 2374 viribus
534 2319 651 2392 ingenii.
677 2335 737 2372 non
763 2317 792 2370 in
818 2313 940 2384 fabulis3
974 2320 1044 2372 certi
1068 2327 1180 2380 autem,
1199 2313 1252 2387 qui

78 2429 116 2442 -
157 2395 252 2468 resipis
273 2408 300 2447 et
318 2399 436 2468 generis)
456 2400 587 2469 stirpest
605 2416 653 2466 ge·
677 2391 774 2467 palues
793 2403 873 2458 sunt,
894 2411 969 2458 non,
994 2404 1027 2449 ut
1050 2393 1093 2447 illi
1107 2402 1253 2464 pastores,

74 2491 131 2526 nus
154 2471 194 2526 ita
217 2469 371 2536 differunt,
399 2483 433 2527 ut
455 2475 537 2546 stirps
555 2471 653 2526 locum
676 2470 830 2524 habentur.
870 2503 906 2514 -
943 2471 1068 2548 fruetus)
1087 2469 1107 2522 i.
1125 2485 1151 2522 e.
1168 2468 1254 2522 volu·
1302 2502 1307 2522 s

73 2548 127 2603 vel
170 2547 314 2619 originem
349 2548 474 2603 hominis
513 2547 654 2622 designet,
677 2559 740 2621 ptus
766 2565 799 2603 ex
817 2545 935 2622 ingenio
958 2548 1008 2603 vel
1025 2547 1135 2603 virtute
1159 2556 1252 2618 septu,

70 2643 164 2696 genus
180 2623 355 2678 indolemus
373 2625 566 2680 nobilitatem.
592 2624 654 2680 cfr.
678 2636 711 2681 ut
735 2624 792 2680 Off.
813 2623 858 2690 ΙΙ,
885 2633 935 2686 16:
976 2627 1028 2678 Est
1055 2628 1125 2678 enim
1153 2625 1253 2677 multus

72 2701 150 2772 Nep.
169 2697 228 2754 Att.
249 2703 280 2766 1,
310 2709 341 2758 1:
387 2705 467 2756 Titus
492 2705 655 2776 Pomponius
679 2707 709 2756 in
728 2702 873 2756 laudanda
901 2703 1110 2776 magnificentia
1124 2714 1148 2753 et
1169 2719 1252 2770 appa·

76 2781 201 2841 Atticus,
218 2780 251 2830 ab
270 2780 382 2849 origine
407 2781 503 2832 ultima
525 2781 655 2852 stirpis
677 2783 786 2832 ratione
795 2781 968 2850 popularium
979 2777 1254 2850 munerumstalium·

77 2855 219 2906 Romanae
230 2869 386 2924 generatus,
401 2869 530 2928 perpetuo
542 2859 654 2930 amajo·
677 2873 728 2930 que
742 2869 894 2927 sumptuum
906 2855 1074 2926 facultatem
1086 2910 1087 2914 ,
1089 2853 1251 2918 setectum

78 2930 160 2982 ribus
187 2944 321 3003 acceptam
356 2945 502 3006 equestrem
534 2932 654 2984 obtinuit
676 2933 839 2985 divitiarum
861 2944 950 3002 putat.
989 2931 1062 2984 Mitt
1090 2943 1179 2984 eutem
1208 2929 1253 2981 ills

74 3005 253 3076 dignitatem.
266 3005 341 3060 Phil.
356 3009 396 3073 II,
417 3017 450 3066 52
473 3011 566 3071 viteus,
583 3024 654 3082 quae
668 3009 776 3078 fruct
786 3027 823 3060 us
837 3007 1099 3084 liberalitatis,cujus
1108 3023 1253 3080 paucaex·

69 3083 197 3156 propria
209 3097 248 3134 est
261 3085 384 3138 Romani
401 3085 552 3154 generis
568 3098 653 3157 ,atque
674 3087 761 3157 empla
779 3084 868 3156 posui,
885 3086 1010 3138 multost
1027 3090 1118 3161 major
1135 3083 1252 3148 viduus,

68 3158 187 3212 seminis
211 3167 265 3212 eiu.
306 3187 341 3203 -ι-
382 3159 460 3235 quod
481 3162 564 3214 multo
587 3179 652 3232 pro·
674 3173 699 3214 et
716 3154 828 3216 certior.

63 3234 163 3307 ficto)
186 3233 237 3288 alii
260 3235 361 3307 legunt
378 3253 434 3308 per
453 3235 652 3310 transpositio·

71 3326 143 3363 nem
163 3311 290 3383 proficus
318 3315 401 3366 multo
421 3317 527 3384 magia·
563 3325 653 3386 'quarn
690 3311 748 3366 *Os
768 3311 828 3366 XX.
849 3307 876 3383 §·
896 3319 940 3373 71.
979 3313 1118 3368 amicitiae
1136 3317 1251 3388 conjun-

73 3385 215 3458 equidem
245 3393 345 3442 ueram
378 3389 653 3444 lectionemreusiln
677 3389 840 3460 etionisqae)
859 3390 983 3462 amicitia
1002 3389 1031 3442 in
1055 3390 1206 3444 voluntate
1222 3401 1252 3448 st

71 3459 187 3516 dicere.
232 3463 322 3518 Recte
351 3477 447 3520 sutem
472 3465 594 3520 Beierus
624 3467 654 3519 in
676 3463 883 3520 benevolentis
898 3468 992 3537 posite
1011 3475 1069 3532 est,
1090 3469 1250 3540 conjunctio

69 3539 195 3594 voculis
229 3545 326 3594 multo·
345 3546 434 3614 magis
463 3541 523 3597 vim
550 3543 650 3597 'inesse
675 3541 707 3594 in
734 3541 936 3598 contubernio
966 3544 1015 3598 vel
1044 3544 1171 3614 hospitio
1203 3544 1254 3599 vel

68 3624 166 3687 negat
174 3631 186 3682 3
210 3613 283 3669 illud
297 3633 370 3672 vero
388 3635 448 3672 non
464 3629 558 3686 reete,
572 3617 652 3692 quod
677 3617 803 3690 collegio
816 3620 865 3674 vel
883 3603 1111 3692 propinquiiate.
1133 3651 1168 3664 -
1209 3641 1254 3674 eze

63 3691 207 3766 profecto
227 3691 403 3762 ejiciendum
415 3705 520 3750 censet.
560 3697 653 3750 Nemo
675 3695 796 3768 aequare
808 3715 835 3748 se
857 3715 916 3750 cum
939 3698 1131 3766 inferioribus)
1151 3696 1255 3753 Veniat

70 3767 219 3822 nimirum
240 3785 301 3824 non
320 3769 401 3828 videt
418 3772 478 3826 vim
492 3771 576 3841 buius
591 3789 653 3826 sen·
676 3769 705 3824 h.
729 3772 748 3824 l.
775 3771 874 3825 lectio.
899 3771 987 3828 Goth.
1015 3771 1139 3828 ahebet
1159 3793 1253 3846 exseq.

70 3843 188 3899 tentiae
211 3844 286 3916 lsnuc
303 3861 381 3913 esse,
406 3857 438 3902 ut
461 3867 525 3922 vera
542 3869 585 3903 res
602 3865 654 3920 op·
672 3869 703 3918 sp
722 3849 804 3920 infir.
830 3847 936 3903 omisso
956 3870 1033 3914 eum;
1056 3848 1134 3903 unde
1151 3865 1252 3903 corru-

71 3931 209 3993 ponntur
222 3921 459 3998 fabulam-quod
477 3923 509 3978 iit
524 3935 585 3979 tum
600 3935 655 3998 pet
678 3924 775 3998 ptelao
795 3924 871 3980 ratio
885 3927 977 3998 possit
994 3941 1147 3998 apparere.
1168 3927 1252 3992 Nem,

63 4013 167 4052 voces
197 3999 228 4052 in
249 4003 318 4053 veris
338 4003 553 4075 putribusptum
574 4001 655 4074 pleo-
679 4001 729 4074 qul
756 4001 827 4075 legit
851 4000 883 4054 in
908 4003 987 4058 libro
1018 4021 1071 4076 suo
1100 4008 1253 4077 exaequare

61 4074 189 4130 uastius
219 4077 379 4146 praemisso
394 4106 396 4110 .
411 4075 564 4132 Aduerbio
574 4111 582 4120 --
590 4079 657 4151 pro·
673 4074 705 4144 {se
736 4077 891 4146 inferiores,
912 4080 1040 4134 correxit¹
1063 4077 1252 4150 inferioribus.

49 4153 164 4228 ficto.
220 4151 291 4206 Nam
320 4155 446 4226 profecto
468 4153 555 4210 'haud
581 4159 654 4217 raro
673 4153 821 4228 'liquidem
850 4156 948 4212 multis
968 4156 1005 4212 de
1033 4156 1126 4219 causis
1146 4145 1251 4210 rescri-

61 4225 158 4284 idem
184 4239 241 4293 est,
267 4230 347 4302 quod
362 4227 404 4284 're
425 4249 503 4298 uera,
529 4251 560 4285 re
585 4235 653 4304 ipsu,
677 4241 759 4302 ptum
780 4229 869 4286 velim
897 4233 1051 4307 infirioren
1068 4243 1105 4296 ⁴ut
1126 4232 1164 4288 sit
1184 4249 1251 4286 con·
1305 4279 1308 4286 .

62 4305 210 4378 exemplo,
226 4305 337 4364 uruat:
358 4307 395 4364 V'.
408 4301 479 4364 tiit:
519 4313 654 4380 Quorsum
671 4316 788 4364 teitus:
807 4311 964 4384 exaequare
983 4315 1071 4364 secum
1096 4310 1251 4381 inferiores.

60 4375 171 4456 sgziur
194 4383 261 4436 haec
286 4383 342 4438 tam
355 4383 442 4437 multa
460 4386 493 4440 de
510 4385 654 4442 Maximo?
675 4385 806 4440 Primum
827 4385 904 4440 enim
922 4403 982 4442 non
1002 4385 1102 4450 video,
1121 4385 1172 4458 qui
1187 4385 1252 4440 lieri
1327 4437 1328 4440 ,

60 4461 146 4534 quia
169 4453 478 4532 fiuoseeln‘uidett's,
503 4463 581 4538 nefiu
601 4451 653 4517 esse
676 4463 784 4536 possit,
819 4475 853 4520 u't
876 4467 1004 4539 superior
1027 4483 1054 4518 ss
1081 4475 1252 4535 exaeques

996 4658 999 4660 ‚
1080 4549 1102 4618 5
