2878 5042
282 291 673 366 assumtum
707 288 826 368 aar.
863 295 923 379 'aa
1063 229 1066 238 .
1150 300 1192 376 os
1248 285 1251 295 ’

35 487 127 538 tatem
148 488 260 544 sermo
282 487 381 551 quum
402 465 593 545 adhibetur,
616 469 794 534 orationem
814 469 904 558 illam
925 470 1201 542 vanamtestimo-

36 580 122 642 nium
145 596 220 639 csse
241 573 369 636 laudum
389 595 515 636 suarum
536 589 658 655 putant.
715 576 809 656 Nulla
836 591 887 640 est
905 575 1005 662 igitur
1024 573 1104 638 haec
1125 573 1202 636 ami·
1272 593 1276 610 ·

32 686 121 759 citia,
145 701 245 767 quum
265 682 345 744 alter
365 685 480 744 verum
501 680 610 744 audire
632 701 698 744 non
711 683 798 756 vult,
819 683 902 746 alter
922 681 962 744 ad
982 679 1203 744 mentiendum

33 804 165 874 paratus
187 803 246 852 est.
286 791 353 850 Nec
374 785 588 869 parasitorum
608 786 643 849 in
671 787 847 851 comoediis
876 787 1047 852 assentatio
1077 783 1199 868 [nobis]

36 897 143 960 faceta
164 894 335 968 videretur,
357 893 421 954 nisi
443 907 552 956 essent
571 894 690 957 milites
712 893 855 984 gloriosi.
984 879 987 886 ¹

266 1009 399 1100 Magnus
420 1045 485 1098 vero
510 1045 601 1101 agere
622 1031 740 1101 gratias
766 1023 856 1117 Thais
880 1025 975 1088 ruhi?

31 1153 119 1218 ·Satis
140 1167 211 1217 erat
230 1149 444 1236 respondere,
465 1173 607 1234 nmgaas3
628 1159 769 1231 ingentes,
792 1153 907 1240 inquit.
949 1154 1087 1237 Semper
1106 1164 1204 1236 auget

32 1275 211 1324 assentator
233 1259 280 1334 id,
313 1257 398 1346 quod
418 1257 464 1332 is,
485 1261 576 1323 ouius
597 1259 638 1323 ad
659 1261 855 1338 voluntatem
876 1259 1009 1334 dicitur,
1040 1257 1110 1324 vult
1129 1277 1203 1320 esse

29 1389 190 1451 magnum.
236 1365 464 1459 Quamobrem,
489 1367 633 1450 quamvis
655 1365 770 1430 blanda
796 1367 866 1442 ista,
884 1365 1007 1431 vanitas
1036 1361 1120 1447 apud
1141 1381 1198 1424 eos
1220 1368 1260 1431 99

29 1472 144 1548 valeat,
167 1471 225 1556 qui
244 1471 312 1554 ipsi
331 1471 418 1534 illam
440 1471 590 1543 allectant
609 1486 644 1536 et
664 1473 815 1554 invitant,
836 1487 944 1536 tamen
962 1469 1057 1534 etiam
1077 1467 1203 1554 gravio·

36 1649 457 1672 -n———u-t-t-

73 1777 98 1848 5.
112 1787 158 1842 99.
175 1809 210 1822 -
228 1763 393 1854 quamquam
412 1795 468 1849 pro
486 1799 608 1854 quamvis
621 1777 684 1836 aba.
706 1779 739 1834 Ε.
751 1779 784 1835 L.
797 1782 830 1837 P.
856 1783 922 1850 (asta
941 1780 975 1833 bl.
994 1797 1057 1834 van.
1071 1793 1095 1832 a.
1111 1774 1201 1832 Beda.

147 1853 427 1924 -om..b1andab.)
443 1886 477 1900 -
502 1859 680 1925 cognoscitur
693 1874 727 1911 ex
739 1855 906 1913 uuaDresd.
921 1871 977 1912 seo.
991 1852 1154 1911 &Billa-lu
1166 1853 1202 1910 N.

145 1932 180 1985 B.
193 1959 228 1971 -
239 1937 351 1984 cav.sst
362 1947 430 2002 cum
439 1929 512 1984 Gdcl.
526 1933 608 1985 Facc.
617 1933 652 1988 G.
663 1933 696 1986 Β.
705 1967 738 1978 -
753 1937 842 2006 magis
855 1953 916 1990 aaa.
933 1931 1090 1988 Ceteri..-
1111 1949 1202 1984 emun-
1215 1923 1220 1954 ¹

128 2008 221 2068 ,aeris
231 2006 272 2061 de
282 2005 397 2060 Bentlei
412 2007 486 2074 conj.
502 2006 538 2060 ad
551 2009 653 2064 Horat.
667 2011 699 2061 Τ.
713 2017 777 2081 21).
794 2017 856 2076 141.
877 2010 955 2080 Lips.
976 2006 1029 2062 Ed.
1048 2024 1094 2079 pr.
1111 2007 1144 2058 B.
1164 2033 1200 2046 -

140 2084 261 2158 ,ameris
278 2083 368 2138 Palat.
387 2099 432 2154 pr·
446 2085 529 2139 Face.
551 2093 578 2142 2.
597 2085 633 2143 G.
649 2084 770 2139 Billerb.
785 2097 887 2140 contra
902 2093 1036 2138 metrum.
1050 2111 1085 2123 -
1102 2081 1201 2137 asseris
1271 2118 1276 2126 .

151 2157 201 2211 bo.
226 2189 260 2200 --
273 2168 305 2213 ut
316 2160 429 2232 jusseris
448 2159 481 2213 E.
498 2192 534 2205 -
548 2163 664 2219 illuseris
683 2178 709 2216 r.
724 2189 759 2202 ···
783 2154 881 2216 ¹luseris
900 2178 930 2216 v·
948 2159 987 2215 V·
1007 2175 1046 2212 m.
1066 2158 1111 2214 Β.
1125 2156 1158 2210 L.
1167 2156 1202 2212 Ρ.

155 2243 183 2296 s·
207 2241 232 2290 1·
255 2233 302 2301 (a.
321 2235 378 2304 tu·
402 2233 420 2255 ²

36 2412 221 2464 tutamentum
240 2411 414 2482 esselaudam
432 2430 604 2484 suarumpu·
631 2409 794 2467 Infinitivus
821 2431 904 2484 agere
926 2406 1035 2482 pendet
1056 2425 1074 2464 a
1095 2405 1202 2475 Verbo

31 2500 104 2539 rant.
146 2487 227 2564 Quae
243 2497 399 2542 autemres
417 2505 463 2542 me
482 2489 604 2544 maxime
632 2488 833 2542 subaudiendo
841 2489 1006 2562 jubeaNam
1018 2503 1107 2558 quum
1116 2483 1203 2540 simul

28 2572 131 2617 movet
139 2577 159 2630 3·
171 2578 229 2616 nou
247 2561 305 2617 fert
317 2578 385 2617 usus
398 2565 539 2618 sermonis
553 2566 602 2619 La·
632 2581 697 2619 cum
721 2577 787 2622 actu
800 2583 832 2619 ex
848 2565 975 2638 abrupto
995 2561 1128 2618 ordiatur
1143 2560 1203 2616 ser'·

29 2639 95 2704 tini,
118 2637 289 2707 Subiectum
308 2641 467 2694 sententias
487 2642 603 2714 periodi
631 2637 747 2696 monem
783 2645 890 2716 potita,
924 2639 1109 2714 cogitandum
1144 2648 1203 2704 est,

29 2714 189 2785 primariae
213 2715 274 2787 peti
294 2733 329 2769 ex
354 2715 477 2785 Objecto
504 2733 602 2772 secun·
631 2719 813 2774 Gnathonem
824 2719 965 2774 Thrasoni
974 2719 1003 2770 in
1015 2731 1203 2784 scenampro·

32 2789 143 2842 dariae.
181 2793 224 2844 De
237 2789 323 2846 simili
338 2804 434 2847 autem
453 2793 538 2848 litera
550 2795 603 2848 ini·
631 2793 730 2849 deuoti
762 2794 818 2849 tale
850 2794 922 2867 quid
954 2793 1082 2847 dixisses
1123 2791 1203 2842 lubet

30 2865 96 2921 tiaii
114 2867 193 2920 vocis
211 2865 412 2940 subsequentis
429 2871 601 2942 fictas-Pro·
631 2869 1203 2942 magnasageregratiaaThasstibi-un·

32 2959 115 2996 nom.
137 2943 292 2999 uilitatem
312 2962 334 2999 s.
359 2944 415 3000 sibi
441 2946 600 3019 adrogavit.
630 2945 666 3000 de
685 2945 927 3019 pendet'Thraso.
967 2977 1002 2990 -
1026 2939 1141 3015 ‘semper
1153 2957 1204 2994 aa·
1237 2989 1241 2998 .

31 3019 106 3074 Nam
120 3019 241 3076 verbum
251 3019 392 3076 adhibere
405 3021 467 3076 siue
483 3023 600 3088 Dativo,
630 3036 676 3093 get
695 3025 861 3094 assentator)
886 3023 940 3077 afr.
964 3019 1113 3077 iuvenalis
1135 3018 1201 3091 ,Sat

29 3107 64 3162 ut
91 3113 193 3170 saepe,
227 3098 354 3168 positum
383 3109 439 3164 est,
474 3098 601 3172 itemque
629 3096 691 3163 111,
722 3108 787 3160 100·
1178 3128 1181 3134 ¹

24 3173 125 3238 valet,
150 3171 233 3248 quod
253 3173 362 3244 affirre.
404 3203 438 3214 —
484 3179 601 3244 vorsum)
746 3181 748 3184 ’

26 3249 85 3301 cfr.
104 3265 194 3322 supra
217 3265 242 3302 c.
268 3258 313 3309 25·
338 3250 359 3320 i·
381 3256 427 3317 9la
467 3279 502 3291 -
542 3254 602 3306 Iou-
787 3249 917 3304 midas?
939 3249 1043 3322 majore
1065 3247 1202 3302 caehinno

28 3324 97 3378 dum
113 3327 237 3393 sacrum)
256 3325 275 3378 i.
289 3342 315 3380 o.
334 3330 559 3393 excellentiarum,
570 3339 603 3383 ut
668 3327 847 3392 Concutitum
855 3325 955 3397 flenti
968 3327 1104 3398 lacrymas
1116 3323 1203 3396 inspe-

28 3399 276 3472 Nep.Praef.V:
313 3405 459 3475 Magnis
477 3406 602 3458 iuiau·
837 3403 880 3456 xit
898 3403 989 3468 amici,

26 3477 139 3532 dibus
161 3493 221 3533 tota
229 3479 292 3551 suit
314 3481 449 3547 Graecia,
475 3485 603 3536 viatorem
667 3478 778 3551 Accipit
806 3478 1009 3534 endromidem.-
1034 3478 1061 3530 si
1082 3472 1203 3528 dixerim

23 3557 170 3629 Olympene
181 3558 274 3612 citari.
310 3557 361 3612 Est
372 3557 467 3612 autem
480 3557 600 3612 hicusus
673 3555 674 3562 '
839 3551 941 3621 aestuo,
964 3553 1055 3608 sudat.

23 3633 174 3706 tropicus,
193 3651 252 3705 quo
272 3632 459 3708 Consequens
481 3635 602 3708 ponitur
766 3663 768 3666 ·
1023 3651 1026 3660 ⁴

22 3728 84 3781 pro
107 3707 316 3766 Antecedanta.
358 3739 393 3750 -
433 3714 602 3784 necparan'·
628 3704 712 3762 Adde
742 3706 845 3764 Horat.
876 3704 913 3762 de
940 3703 1003 3762 Art.
1029 3704 1110 3777 poet.
1137 3698 1204 3756 suba

26 3788 137 3848 aarum)
152 3785 257 3840 Nescio
266 3804 302 3840 an
314 3785 500 3842 festivitatem
514 3803 600 3860 quan·
629 3784 678 3838 fin.

25 3857 96 3914 dam
105 3861 265 3934 quaesierit
276 3873 375 3917 noster
383 3861 602 3924 inAilitsratio·

21 3955 65 3990 ne
78 3935 417 4011 atqueA‘nnominatione
429 3953 603 4011 paratussst.
669 3935 693 4007 §-
717 3945 765 4002 99·
806 3935 936 4010 apudsos
952 3932 1052 4000 valcat)
1071 3929 1090 3984 i.
1103 3945 1129 3984 e.
1151 3944 1204 3984 eos
1280 3959 1282 3966 ι

21 4017 82 4068 Nec
95 4020 297 4089 parasitorum.
336 4015 473 4070 Ceterum
487 4015 603 4090 negatio
631 4023 799 4072 moveat-
839 4015 969 4067 allectant
981 4007 1150 4073 ets‘nvt'tant)
1159 4005 1205 4059 isti

18 4110 74 4146 nee
95 4093 129 4148 h.
146 4092 167 4146 l.
185 4102 229 4146 est
246 4107 301 4162 pro
320 4113 353 4146 ne
368 4119 403 4132 -
416 4091 532 4168 quidem.
566 4122 602 4135 -
632 4095 763 4146 attestant
795 4095 1003 4152 assentatores,
1031 4083 1100 4138 dum
1123 4083 1203 4138 loves

17 4170 82 4222 nisi
104 4181 192 4222 assent
221 4170 299 4228 mitit,
319 4163 413 4238 glor.)
452 4167 523 4222 Nam
547 4165 600 4221 hos
633 4161 695 4222 esse
708 4165 859 4231 videntur,
881 4163 1015 4229 invitant,
1037 4159 1106 4215 duan
1124 4158 1205 4214 dele·

19 4243 45 4297 si
76 4254 203 4300 versant
226 4253 255 4299 at
280 4243 407 4299 illudunt
434 4243 602 4310 lautissime,
632 4253 747 4305 orantur
769 4240 970 4298 assentatione.
1010 4269 1046 4284 ···
1085 4236 1204 4304 amors)

22 4335 116 4376 nemo
138 4329 200 4388 est,
216 4319 266 4394 qui
279 4319 453 4394 indignetur,
478 4319 528 4396 qui
543 4337 604 4374 non
633 4319 652 4374 i.
678 4337 704 4375 e.
731 4339 822 4376 amem
847 4317 901 4374 afr.
931 4314 1065 4378 Tusc.1‚
1090 4321 1117 4376 9·
1150 4317 1202 4372 188

19 4395 135 4454 rideat.
176 4421 211 4437 ···
257 4387 341 4472 agere
367 4401 477 4470 gratias
497 4397 603 4468 Tuae)
632 4397 696 4454 alit's
714 4415 780 4454 car
801 4397 886 4472 ipsam
903 4393 1010 4450 arsimus
1030 4389 1152 4450 videar:
1170 4407 1203 4444 ea
