2878 5042
116 260 118 266 ‘
205 219 367 360 ffl⁸,
473 309 478 322 .
581 229 959 326 =nann1os

202 443 257 485 res
280 421 462 500 concionis,
492 439 589 506 quum
609 422 714 488 ferret
728 411 840 507 ‘legem
863 423 904 487 de
925 410 1063 487 tribunis
1087 423 1196 508 plebis
1216 421 1375 488 reficien-

204 525 272 589 dis!
315 527 530 590 Dissuasimus
553 549 624 590 nos.
668 529 734 592 Sed
754 529 835 592 nihil
865 529 905 592 dc
925 549 994 591 me:
1024 529 1064 590 de
1088 530 1239 613 Scipione
1263 529 1374 590 dicam

202 631 366 694 libentius.
408 634 533 731 Quanta
553 635 618 710 illa,
640 635 687 714 dii
709 634 922 698 immortales!
945 633 1007 697 fuit·
1025 635 1172 718 gravitas,
1195 649 1318 719 quauta
1337 636 1374 702 ,in

161 818 163 821 ι
203 739 347 800 oratione
368 740 530 804 maiestas!
555 757 588 804 ut
615 741 709 805 facile
727 741 852 804 ,ducem
871 740 983 825 populi
1006 741 1158 815 Romani,
1181 762 1248 802 uon
1268 743 1373 802 comi-

201 857 267 906 tem
288 844 426 906 diceres.
470 847 537 938 Sed
558 845 714 914 adfuistis,
745 862 776 910 et
797 862 846 909 est
867 847 901 908 in
923 847 1065 910 manibus
1087 847 1200 910 oratio.
1255 849 1373 931 ltaque

200 947 254 1011 lex
275 951 438 1033 popularis
461 951 622 1036 suffragiis
648 952 949 1038 populi.repudiata
968 968 1026 1015 est.
1069 955 1184 1037 Atque,
1204 967 1240 1014 ut
1262 951 1373 1014 adme

201 1055 343 1130 redeam,
364 1058 566 1134 meministis,
589 1062 628 1154 Q.
651 1059 789 1130 Maximo
812 1059 913 1122 fratre
929 1059 1090 1143 Scipionis
1109 1073 1141 1122 et
1159 1064 1195 1121 L.
1214 1043 1372 1120 Mancino

200 1163 397 1237 consulibus,
425 1185 520 1250 quam
535 1165 699 1246 popularis
718 1165 771 1226 lex
788 1165 828 1226 de
851 1166 1040 1229 sacerdotiis
1063 1168 1096 1228 C.
1120 1163 1238 1226 Licinii
1258 1163 1370 1226 Crassi

136 1319 137 1332 .
199 1265 383 1332 videbatur!
420 1270 605 1351 'Coeptatio
632 1271 717 1332 enim
744 1271 955 1354 collegiorum
979 1271 1019 1333 ad
1038 1271 1151 1354 populi
1171 1267 1369 1332 beneficium

197 1374 483 1440 transferebatur.
527 1375 669 1458 Atqne'
660 1398 688 1437 ts
719 1376 856 1460 primum
884 1376 1022 1439 instituit
1049 1376 1083 1438 in
1114 1375 1225 1438 iorum
1248 1397 1366 1442 ,versus

198 1498 295 1560 agere
314 1499 386 1542 eum
407 1481 544 1563 populo:
573 1496 680 1544 tamen
707 1483 793 1544 illins
815 1482 1012 1545 vendibilem
1038 1470 1217 1544 orationem
1243 1482 1365 1566 religio

198 1565 333 1646 deorum
369 1585 635 1663 immortalium„
641 1588 743 1652 nobis
768 1587 1036 1698 defendentibus,
1073 1586 1171 1650 facile
1201 1587 1365 1652 vincebat.
1416 1671 1417 1680 ἵ

252 1765 288 1822 9⁶.
320 1766 441 1825 quassa
469 1769 530 1810 um
560 1791 587 1802 -
645 1768 839 1814 vmsuarca·
869 1791 895 1802 -
1010 1763 1014 1782 ³
1062 1814 1069 1824 s

199 1925 285 1940 ..u-.-
296 1921 398 1946 Ἥ
418 1907 430 1916 Η
450 1929 463 1938 Ι,
678 1917 683 1930 Ι

193 2085 261 2136 nem
279 2079 391 2147 refers,
433 2079 530 2153 inepta
556 2093 642 2156 atque
670 2080 763 2138 otiose
792 2091 841 2137 tur
862 2097 892 2138 se
911 2075 1031 2146 babere,
1052 2078 1086 2134 'ut
1101 2078 1158 2135 sint
1180 2077 1232 2134 illa
1246 2081 1362 2154 adspice,
1416 2147 1417 2160 ἦ

194 2155 324 2211 dicetur!
345 2163 456 2234 ιμἰιιιιιιι
471 2161 512 2212 illi
521 2158 584 2231 snit
600 2160 763 2214 irroratione
793 2159 889 2224 vrdenss
910 2160 1053 2212 meministi
1071 2167 1125 2210 etc
1145 2173 1243 2212 merae
1263 2157 1365 2210 admo·
1416 2175 1417 2184 ¹

126 2227 129 2234 ’
193 2236 337 2305 majestas!
356 2233 417 2286 sive
437 2233 474 2286 ad
499 2235 630 2305 priorem
650 2246 762 2306 partem
791 2234 879 2288 nendi
897 2233 1096 2324 ιιοίιιιιιᾶἰιιιιο
1112 2231 1256 2287 formulae
1271 2231 1331 2286 ad
1322 2251 1366 2286 sn
1416 2249 1417 2258 ¹

193 2304 433 2390 exclamationis,
464 2328 524 2364 uon
543 2310 631 2364 modo
652 2311 763 2386 lanqui-
790 2312 1020 2384 terrogationum
1055 2310 1143 2363 instar
1175 2307 1364 2377 interjectae,
1416 2361 1417 2370 ,

138 2405 139 2417 ¹
189 2379 260 2438 dum
274 2386 338 2438 erit
357 2402 509 2456 opponere
529 2389 571 2440 illi
587 2390 714 2458 gravitas
734 2398 763 2441 et
791 2387 937 2440 interdum
954 2387 1040 2441 etiam
1059 2385 1188 2439 omissae.
1203 2383 1261 2436 Gfr
1275 2384 1365 2454 Virg.

191 2462 222 2512 ιἰι
240 2467 367 2514 οιαιίοιιο
386 2465 519 2536 snajsstes,
534 2463 585 2517 sed
603 2479 641 2516 ue
660 2479 761 2517 verum
790 2463 890 2536 Eclog.
916 2464 973 2527 IV,
994 2471 1044 2522 52:
1095 2461 1218 2533 Adspice,
1239 2472 1359 2512 venturo

137 2557 140 2563 ¹
190 2536 402 2608 quidem,nam
413 2538 551 2592 verbam
564 2542 690 2592 orations
704 2549 760 2592 tam
789 2542 977 2593 laetantur
1007 2551 1037 2592 ut
1064 2540 1155 2592 omniu
1183 2536 1286 2591 saeclo!
1328 2543 1366 2589 et

189 2609 227 2664 nd
245 2619 383 2682 gravitas*
391 2629 477 2684 quam
496 2615 533 2667 ad
552 2618 676 2688 majestas
695 2625 759 2685 per-
788 2613 860 2668 ibid.
881 2615 919 2680 V,
941 2621 975 2674 6·
1256 2608 1262 2630 ’

140 2693 141 2698 ’
188 2686 291 2753 tinent,
312 2699 345 2742 ut
363 2689 410 2742 sit
419 2706 476 2761 pro
489 2705 602 2764 euentu
620 2695 758 2761 gravitas,

189 2779 295 2836 quante
303 2778 427 2838 majestas
435 2785 464 2819 m
473 2775 643 2820 oratione-
653 2765 758 2820 ordine
816 2765 818 2767 ¹
1012 2765 1114 2836 Adspi
1109 2783 1140 2826 e,
1161 2777 1191 2817 ut
1210 2775 1323 2816 antrum

168 2837 220 2904 vid
240 2843 329 2910 paule
356 2839 571 2914 negligentiori,
592 2853 624 2896 ut
648 2842 678 2894 in
703 2859 761 2896 ser
828 2845 961 2897 Silvestris
980 2844 1054 2895 ruris
1073 2843 1212 2912 sparsit
1230 2839 1362 2892 labrusca
1416 2835 1417 2900 l

109 2916 115 2926 ’
188 2929 274 2969 mone
290 2915 454 2972 familiari.
490 2918 533 2972 De
560 2937 616 2990 qua
644 2916 761 2990 quidem
999 2917 1122 2972 racemi&

187 2991 364 3064 negligentia
379 2995 759 3066 consenquaeseqnuntur:
854 2997 856 3006 ’
1055 3009 1075 3032 ι,

188 3081 219 3120 ιιι
234 3068 433 3136 faciledueem
451 3073 682 3145 populationum,
703 3091 759 3124 non
788 3069 857 3124 item
870 3068 925 3142 leg
945 3077 972 3127 2
995 3081 1027 3130 δι
1066 3071 1108 3121 Ut
1127 3068 1196 3120 enim
1215 3067 1366 3138 becquasi
1416 3031 1417 3064 t

188 3146 310 3198 comitem
331 3149 442 3206 diceres.
483 3179 519 3190 -
558 3149 692 3211 comitem)
713 3165 759 3200 co·
787 3161 878 3200 rostro
899 3145 1028 3220 finditur
1050 3146 1185 3198 storum
1210 3156 1234 3195 et
1254 3145 1364 3196 divisus

119 3273 122 3280 ,
187 3235 239 3272 mes
259 3235 465 3297 nonnunquam
486 3221 525 3277 ita
543 3232 708 3292 usurpatur,
728 3233 760 3277 ut
788 3224 937 3297 aequaliter
956 3225 986 3274 ιή
1006 3221 1074 3274 duas
1086 3221 1278 3293 purteslatsre
1289 3219 1366 3274 haec

187 3295 225 3350 sit
247 3313 324 3390 pro·
332 3301 449 3372 priuato
475 3311 561 3371 atque
592 3309 759 3370 opponatur
788 3301 883 3363 alluit,
922 3299 1070 3370 rapideque
1097 3297 1216 3368 dilapsus
1243 3297 1312 3358 cito
1332 3297 1364 3347 in

187 3369 239 3438 iis,
267 3375 317 3450 qui
342 3377 431 3431 rebus
451 3385 605 3448 praesunt,
634 3383 665 3428 ut
684 3373 757 3429 Phil.
786 3393 869 3428 unum
886 3376 1015 3438 confluit,
1034 3387 1059 3426 et
1078 3387 1183 3425 tuntum
1203 3369 1362 3442 complecti·

185 3445 306 3514 ἮΙιῧι
340 3458 447 3526 ltaque,
469 3452 623 3526 quoderat
642 3453 758 3522 optabile
786 3464 848 3516 tur,
878 3451 977 3524 quod
972 3451 1039 3504 sctis
1062 3453 1098 3502 sit
1123 3447 1244 3502 modicas
1261 3449 1361 3518 palae·
1416 3499 1417 3504 ,

152 3541 154 3546 ·
184 3535 291 3592 entre,
310 3539 349 3582 ιιι
353 3531 502 3604 populum
505 3529 656 3580 Romanum
676 3531 756 3580 comi·
783 3539 867 3590 strue,
886 3529 958 3580 loci!
976 3506 1168 3578 Ponendum
1158 3522 1285 3597 igiturin
1297 3522 1360 3576 linc

186 3613 238 3654 tam
257 3605 506 3670 Ιιιιὺιιιιιιιιιηιιιιο
518 3604 644 3656 habemns
653 3602 757 3658 ducem
785 3602 942 3657 sententiae
961 3600 1073 3675 signum
1086 3598 1310 3655 exclamationis
1320 3629 1356 3643 -

185 3709 222 3722 ·-
262 3695 300 3733 est
319 3701 350 3734 m
368 3683 491 3734 manibus
509 3681 622 3745 oratio)
651 3680 681 3731 irs
700 3699 757 3732 ma·
784 3679 985 3752 Coeptatio)
987 3677 1160 3750 ,Coopttttio
1190 3674 1355 3741 dicebatur,
1416 3675 1417 3720 l

185 3756 263 3808 nibus
283 3777 334 3810 esse
353 3762 445 3812 oratio
471 3755 578 3808 dicitur
605 3771 655 3820 ea,
682 3772 756 3828 quae
785 3771 849 3806 cum
870 3754 930 3808 sine
948 3754 1085 3826 suffragio
1111 3753 1214 3825 populi
1237 3751 1285 3806 vel
1314 3767 1358 3804 sa·

183 3831 294 3904 ubique
315 3842 404 3888 exstat
426 3844 456 3888 et
477 3831 513 3886 ab
528 3831 662 3885 omnibus
686 3832 754 3904 legi·
785 3829 918 3885 cerdotes
932 3831 1122 3894 sacerdotem,
1136 3829 1184 3883 vel
1202 3825 1358 3901 pontifices

183 3917 242 3972 tur,
262 3918 295 3962 ut
319 3907 380 3962 Cat.
411 3925 435 3960 e.
460 3915 487 3976 [ι.
513 3907 537 3978 b.
559 3917 609 3966 ιι.
648 3911 730 3960 Est'
719 3927 755 3960 ιιι
782 3907 965 3978 pontificem,
998 3907 1045 3961 vel
1069 3921 1203 3960 censores
1239 3914 1356 3958 senato-

183 3987 344 4038 manibus
369 3986 553 4040 laudatio:
586 4004 690 4064 quam
694 4001 754 4036 cum
781 3983 1021 4056 remlegebantst‘
1043 4015 1077 4027 -
1116 3981 1354 4054 transfirebutur)

72 4065 75 4068 '
115 4091 116 4114 ι
183 4059 305 4128 legimus,
326 4079 401 4135 quem
419 4061 604 4134 philosophum
617 4080 674 4114 ιιοιι
683 4057 753 4113 ὀοιι-
781 4059 1122 4132 imperfectumoonatus,
1143 4067 1175 4110 ut
1188 4057 1268 4110 Caes.
1275 4057 1354 4114 Bell.

181 4140 343 4192 temnimus?
382 4169 416 4181 -
457 4157 538 4210 quam
556 4140 752 4210 popularis—
782 4135 845 4189 Ois
862 4139 887 4201 1,
902 4143 952 4196 16.
992 4137 1115 4189 cobortes
1130 4153 1257 4208 quinque,
1266 4153 1353 4205 prae·

182 4215 339 4304 videbatur)
359 4212 583 4269 Indicativum
576 4230 605 4265 sn
628 4211 752 4267 interro
781 4215 875 4265 missae
888 4233 905 4266 ο
924 4215 1043 4266 Domitio
1065 4231 1097 4263 ιιι
1114 4211 1225 4284 oppida,
1239 4222 1353 4297 pontem

170 4289 296 4378 gestione
316 4291 355 4344 ita
381 4300 507 4361 ponunt,
533 4289 558 4342 si
582 4288 753 4365 simplicitet·
773 4288 902 4360 fluminis
930 4291 1265 4359 interrumpebant,
1300 4287 1353 4358 qui

175 4367 243 4420 'rem
262 4365 310 4434 ita,
328 4378 361 4423 ut
372 4365 597 4433 demonstretur,
618 4301 751 4440 lignidi-u
780 4379 840 4430 erut
859 4367 894 4422 ub
919 4363 1018 4438 oppido
1047 4365 1132 4420 millia
1148 4380 1274 4437 μοιιιιιιιιι
1291 4365 1349 4417 ιιι»
