2930 5046
439 942 444 950 ’
479 911 676 1076 tunsi
719 916 1104 1080 utsrunleus.
1164 932 1167 938 '

689 1235 900 1248 ..ψι-

654 1475 811 1546 ·Α.

213 1671 415 1740 Aemilius,
442 1675 501 1731 vid.
522 1677 651 1747 Papus.

214 1749 519 1818 Africanus,'vid.
547 1753 691 1824 Scipio.

214 1850 396 1916 Annibal,
416 1868 441 1904 c.
459 1860 475 1910 s
492 1850 518 1922 §.
533 1850 654 1919 283¹cf.
675 1849 753 1906 Val.
789 1851 876 1904 Max.
897 1853 945 1906 tx.
967 1859 994 1910 2.
1020 1860 1111 1905 extr.
1132 1860 1174 1911 2:
1195 1849 1305 1902 Eorum
1322 1847 1382 1904 dux

290 1926 426 1988 Annibal,
447 1927 528 1996 cujus
541 1927 651 1996 majore
670 1945 703 1980 ex
716 1935 799 1997 parto
812 1927 905 1980 virtus
917 1927 1037 1981 saevitia
1061 1925 1220 1990 constabat,
1242 1926 1271 1978 in
1285 1925 1382 1978 {lusni-

290 2020 327 2060 ne
340 2001 480 2076 Vergello
495 2003 669 2074 corporibus
687 2003 824 2060 Romanis
842 2015 930 2074 ponte
948 2003 1042 2064 lacto,
1064 2004 1221 2056 exercitum
1234 2001 1388 2074 tratluxit3⁴

289 2091 322 2135 ut
334 2096 427 2152 aeque
441 2081 592 2134 scelestum
606 2079 794 2134 terrestrium
813 2079 1091 2152 Carthaginiensium
1111 2080 1259 2151 copiarum
1283 2095 1380 2150 egres·

290 2174 352 2211 sum
370 2166 466 2220 terra,
487 2173 573 2228 quam
592 2155 805 2230 ,milfillmtllum
819 2157 968 2232 Neptunus
982 2157 1173 2226 experiretur.
1213 2154 1293 2210 Idem
1314 2172 1382 2226 cap-

290 2233 366 2287 tirus
378 2242 495 2288 nostros
518 2231 655 2285 oneribus
674 2245 702 2287 ct
722 2217 1027 2302 ilibere'lessdi'ia'rn‘
1046 2233 1138 2304 prime
1163 2230 1269 2304 pedum
1294 2241 1380 2302 parto
1451 2255 1452 2294 t

291 2307 399 2362 succisa
413 2307 606 2381 relinquebat.
647 2309 726 2387 Quos
743 2327 815 2362 vcro
832 2310 862 2363 in
882 2321 973 2364 castra
993 2309 1185 2382 perduxerat,
1212 2307 1299 2379 paria·
1315 2306 1380 2360 fere
1451 2301 1452 2319 ¹

262 2385 269 2392 “
289 2383 413 2440 lratrum
428 2395 457 2438 et
469 2384 701 2458 propinquorum
715 2385 852 2458 jungens,
873 2384 955 2440 ferro
977 2383 1136 2439 decernere
1160 2383 1300 2458 cogebat3
1330 2401 1380 2437 ne·
1451 2397 1452 2420 ¹

290 2477 349 2532 que
365 2469 430 2514 ante
443 2461 784 2534 sanguineexplebatur,
805 2479 888 2535 quam
903 2462 939 2515 acl
955 2479 1043 2515 unum
1059 2461 1199 2514 victorem
1218 2477 1319 2514 omnes
1336 2477 1379 2512 re.
1451 2455 1452 2498 l

288 2535 424 2609 degisset.
463 2537 546 2591 Justo
559 2553 629 2609 ergo
644 2535 725 2591 illurn
740 2537 824 2602 odio,
846 2548 1044 2592 verumtamen
1063 2531 1146 2590 tardo
1160 2536 1316 2608 supplicio,
1339 2553 1375 2590 se·

290 2623 373 2666 natus
386 2613 507 2666 Prusiae
522 2614 597 2684 regis
610 2613 719 2667 factum
731 2614 890 2685 supplicent
905 2613 941 2667 ad
958 2613 1150 2667 voluntariam
1163 2624 1286 2667 mortem
1302 2631 1378 2665 com·

290 2689 420 2760 pullu-
459 2688 532 2743 Liv.
552 2690 625 2752 xxt.
651 2695 696 2749 16.
735 2689 898 2754 Hannibal,
931 2689 998 2744 totis
1018 2689 1130 2742 viribus
1156 2687 1308 2762 adgressus
1330 2707 1379 2741 ur-

287 2763 367 2828 bem,
386 2776 534 2819 momento
549 2764 634 2837 cepit,
655 2765 738 2838 signo
752 2765 836 2830 dato,
857 2777 889 2821 ut
913 2765 1012 2819 om'nes
1033 2764 1159 2837 puberes
1180 2764 1379 2819 interficeren-

290 2850 355 2908 tur3
376 2839 454 2912 quod
473 2841 628 2913 imperium
648 2840 767 2896 crudele
796 2853 923 2898 ceterum
951 2859 1046 2914 prope
1066 2841 1259 2896 necessarium
1280 2841 1378 2913 cogui-

286 2925 350 2970 tum
365 2915 427 2987 ipso
442 2928 548 2972 eventu
561 2928 612 2972 cst.

214 2987 372 3056 brittus,
392 2992 423 3046 t..
445 3009 469 3045 c.
489 3001 517 3052 2.
536 2994 562 3065 §.
583 3000 626 3062 6.;
649 2993 879 3067 cf.begg.11.
906 3003 961 3054 25.
998 2989 1137 3048 Mulieres
1158 3009 1243 3066 genas
1270 3009 1307 3047 ne
1330 3009 1376 3046 ra-

289 3067 398 3132 dunto‚
433 3084 507 3123 neve
530 3071 635 3124 lessum
654 3069 766 3125 funeris
785 3087 855 3145 ergo
870 3070 1005 3125 habento.
1060 3070 1123 3124 Hoc
1151 3079 1266 3124 veteres
1289 3069 1379 3122 inter-

288 3154 402 3215 pretes,
422 3143 487 3198 Sex.
506 3135 623 3212 Aelius,
651 3147 683 3199 1..
703 3147 807 3202 Atilius
824 3165 883 3201 nou
903 3147 969 3200 satis
988 3164 1018 3201 se
1042 3146 1205 3218 intelligere
1228 3144 1380 3210 dixerunt,

289 3217 341 3273 sed
360 3219 499 3291 suspicari
511 3222 673 3277 vestimenti
685 3221 807 3295 aliquod
818 3239 906 3296 genus
921 3223 1068 3277 funebris:
1089 3222 1121 3276 L.
1129 3221 1239 3288 Aelius,
1260 3222 1378 3285 leucum,

287 3295 368 3367 quasi
383 3293 537 3368 lugubrem
555 3298 758 3366 eiulationem‚
776 3309 808 3352 ut
826 3316 883 3354 vox
900 3300 961 3370 ipsa
976 3293 1125 3370 significat.

207 3367 358 3425 Atticus
384 3371 418 3428 Τ.
444 3373 691 3445 Pomponius,
718 3393 743 3428 c.
773 3373 963 3442 1§.2.;cl.
994 3375 1076 3446 Nep.
1108 3372 1178 3428 tu.
1206 3369 1378 3446 c.2.§1.

288 3448 354 3518 lpse
368 3445 602 3518 adolescentulus
615 3461 739 3523 propter
753 3451 922 3505 affinitatem
939 3453 970 3504 P.
990 3450 1131 3522 Sulpicii,
1155 3450 1207 3522 qui
1226 3450 1378 3504 Tribunus

287 3521 382 3594 plebis
397 3522 565 3580 interlectos
586 3536 645 3590 est,
675 3543 734 3581 non
760 3543 861 3598 expers
885 3526 944 3580 luit
972 3525 1049 3580 illius
1069 3525 1203 3598 periculi.
1243 3527 1376 3598 Namque

286 3597 402 3660 Anicia,
423 3600 577 3670 Pomponii
594 3602 784 3667 consobrina,
801 3613 944 3675 nupserat
956 3603 996 3660 M.
1012 3603 1134 3666 Servio,
1155 3602 1239 3656 l'ratri
1255 3605 1287 3656 P.
1311 3605 1378 3657 Sul·

285 3672 374 3745 picii;
396 3673 486 3728 ibid.
507 3693 530 3729 c.
552 3687 578 3737 5.
598 3676 626 3750 ξ.
647 3687 674 3737 3.
713 3679 782 3733 Erat
795 3690 882 3751 nupta
898 3695 985 3731 soror
1001 3678 1089 3734 Attici
1114 3679 1148 3756 Q.
1170 3677 1268 3732 Tullio
1293 3677 1373 3732 Cier-

283 3749 369 3802 roni=
387 3765 494 3822 easque
512 3754 626 3825 nuptias
640 3755 680 3810 Μ.
694 3753 801 3808 Cicero
825 3753 1009 3818 conciliarat,
1031 3773 1096 3809 cum
1118 3771 1177 3826 quo
1198 3773 1214 3807 a
1233 3753 1376 3808 condisci-

286 3824 387 3894 pulatu
400 3825 519 3882 vivebat
530 3830 772 3897 conjunctissime,
793 3831 884 3886 multo
900 3831 986 3884 etiam
1006 3829 1186 3894 familiarius,
1207 3847 1292 3902 quam
1310 3849 1378 3884 cusu

283 3900 415 3978 Quintus
436 3911 468 3956 ut
483 3902 606 3972 judicari
620 3907 726 3976 possit,
745 3907 812 3980 plus
829 3906 858 3961 in
880 3906 1007 3963 amicitia
1033 3907 1133 3962 valere
1153 3904 1377 3962 similitudinem

281 3991 412 4043 morum,
437 3979 723 4060 quamueffiuitatem

754 4177 807 4246 ·Β.

205 4340 311 4406 Blae,
330 4358 356 4396 c.
378 4329 424 4403 16.
443 4343 467 4414 ς.
488 4355 551 4417 59.;
571 4347 613 4400 cl.
635 4348 713 4403 Vel.
734 4349 823 4406 Max.
843 4351 911 4408 vn.
933 4357 960 4410 ὅ.
987 4359 1081 4405 extr.
1108 4359 1152 4410 aa
1172 4350 1238 4406 Risu
1264 4360 1372 4416 aulem,

280 4417 363 4488 cuius
373 4421 523 4507 ¹aspiciatis
534 4421 701 4484 diuturnior
712 4423 790 4488 inter
812 4426 943 4482 homines
958 4438 1017 4494 est,
1044 4441 1132 4502 quam
1151 4427 1244 4501 patria
1264 4429 1372 4484 Priene
