2878 5042
340 325 534 398 unna
585 275 887 400 mereamus,
1155 328 1226 402 ιοι

131 512 218 564 tuna,
237 497 350 570 Scipio,
370 514 457 553 recor
475 498 578 571 optimi
600 497 669 563 viri,
691 497 744 552 lilii
764 497 841 554 mei?
868 498 958 554 ceteri
977 511 1069 562 aenea,
1086 493 1225 562 Fabricii,

132 575 234 643 Curii,
255 574 446 639 Coruncanii,
473 592 537 629 curn
559 573 767 647 rempublicam
792 574 915 630 coneilio
946 586 975 630 et
991 573 1162 629 auctoritate
1178 570 1228 626 de·

132 653 316 716 tendebant,
347 650 420 704 nibil
445 650 587 722 agebant?
637 649 713 705 oft.
746 651 799 715 11,
829 658 881 708 22.
922 651 1008 706 Omni
1029 647 1226 704 ‘Macedonum

134 747 226 804 gana,
251 743 326 800 quac
345 726 401 780 fuir
420 727 550 790 maxima,
570 726 679 798 potitur
702 737 745 780 est
763 727 896 781 Paullus:
915 739 1021 782 tantam
1034 727 1064 780 in
1082 726 1227 782 aerarium
1308 747 1309 754 ¹

134 807 293 880 pecuniam
314 802 430 867 invexit,
454 814 485 856 ut
504 803 588 856 unius
602 803 786 874 imperatoria
805 802 913 874 praeda
928 804 1015 858 finem
1033 802 1163 858 attulerit
1176 800 1228 855 tri·

133 883 289 938 buterum.
326 878 365 933 At
383 879 428 932 hic
451 879 522 932 nihil
544 877 663 932 domum
683 895 762 932 auam
782 889 900 950 praeter
913 879 1083 935 memoriam
1103 876 1227 931 neminie

137 958 343 1030 sempiternam
367 952 479 1008 detulit.
503 989 536 998 -
577 955 672 1010 Vell.
697 954 771 1008 Pat.
792 957 814 1009 1.
836 963 863 1017 9.
903 957 977 1010 Turn
996 957 1116 1012 Senator
1135 971 1227 1025 popu-

95 1089 97 1097 ,
139 1034 244 1106 lneque
273 1033 418 1085 Romanus
454 1030 610 1086 Aemilium
633 1030 782 1094 Paullum,
806 1031 856 1104 qui
879 1043 908 1087 et
932 1042 1052 1104 praetor
1074 1043 1104 1087 et
1124 1027 1227 1083 consul

139 1110 384 1182 triumphaverat,
409 1107 504 1160 virum
522 1107 551 1159 in
567 1117 675 1162 tantum
692 1105 882 1173 laudandum,
906 1107 936 1160 in
953 1119 1090 1181 quantum
1104 1103 1227 1180 intelligi

137 1188 233 1242 victua
258 1193 369 1256 potest,
398 1183 465 1238 Coa.
490 1183 615 1250 creavit3
643 1183 733 1238 lilium
756 1184 816 1238 eiua
840 1183 949 1250 Paulli,
974 1184 1024 1258 qui
1043 1182 1080 1238 ad
1099 1183 1227 1248 Cannae,

137 1279 226 1336 quam
263 1260 489 1331 tergiversanter
519 1259 710 1330 perniciosam
743 1259 924 1332 reipublicae
952 1277 1076 1334 pugnam
1107 1259 1227 1324 inierat,

137 1349 198 1394 tam
224 1336 343 1391 i'ortiter
370 1337 399 1389 in
423 1347 599 1390 camertem
625 1335 760 1404 obierat;
792 1347 828 1393 et
861 1337 940 1392 ibid
968 1348 1019 1395 10.
1058 1340 1086 1392 la
1107 1353 1171 1390 eum
1197 1335 1227 1388 in

138 1414 285 1479 concione
313 1423 392 1467 extra
416 1411 632 1484 urbemnorr
657 1412 809 1476 maiorum,
824 1425 889 1468 ante
910 1413 1047 1484 triumphi
1068 1412 1155 1476 diem,
1180 1429 1226 1466 or-

137 1490 238 1544 dinem
259 1497 528 1542 actorumuuorum
543 1500 810 1554 *commemorarem
839 1487 910 1544 deoa
929 1489 1106 1544 immortales
1128 1505 1227 1560 preca-

138 1576 262 1631 tuaest,
289 1574 335 1627 ut,
360 1565 384 1616 ei
404 1565 468 1636 quis
490 1581 592 1617 eorum
616 1562 760 1619 invideret
777 1565 916 1636 operibus
936 1583 969 1619 ac
994 1563 1129 1628 fortunae
1149 1580 1226 1628 auae,
1301 1571 1304 1584 '

140 1644 170 1698 in
184 1642 280 1712 ipsum
297 1639 393 1711 potiua
412 1640 567 1702 saevirent,
583 1657 670 1712 quam
685 1639 714 1692 in
734 1641 955 1712 rempublicam,
968 1656 1042 1713 quae
1055 1659 1121 1705 vox,
1135 1639 1226 1695 veluti

139 1717 261 1774 oraculo
292 1715 411 1781 emiara,
434 1731 535 1788 magna
555 1727 637 1787 parte
664 1734 730 1776 eum
758 1717 896 1789 spoliavit
916 1717 1061 1790 sanguinis
1079 1717 1133 1774 aui.
1155 1717 1227 1768 Nam

139 1796 263 1850 alterurn
287 1807 320 1846 ex
340 1792 408 1856 auia,
428 1810 502 1865 quoa
523 1792 553 1845 in
572 1792 681 1846 familia
705 1793 876 1858 retinuerat,
894 1792 1007 1860 liberie,
1028 1803 1095 1850 ante
1117 1807 1226 1866 paucoa

139 1867 297 1942 triumphi,
319 1867 443 1924 alterurn
464 1880 530 1940 port
548 1870 702 1940 pauciores
721 1869 817 1925 amisit
834 1868 905 1924 dier.

61 2045 193 2100 Pbilua
211 2043 243 2096 L.
266 2041 425 2106 Furius,
450 2059 473 2096 e.
493 2041 559 2111 [pi.
581 2049 631 2109 lu.
652 2059 675 2097 c.
695 2050 723 2104 6.
745 2044 768 2113 §-
791 2052 842 2102 21·
864 2061 888 2098 c·
911 2053 937 2105 7.
961 2044 984 2114 §.
1005 2052 1056 2105 25.
1084 2061 1109 2098 c.
1131 2053 1181 2108 19·
1200 2041 1226 2112 i.

143 2127 213 2189 69.;
235 2118 278 2172 ei.
302 2117 344 2172 de
362 2118 492 2191 repub.
514 2120 580 2175 111.
601 2127 628 2178 5.
666 2119 703 2175 Et
726 2119 843 2174 Philuar
868 2120 1049 2192 praeclaram
1071 2136 1146 2176 vero
1160 2137 1225 2173 cau·

144 2211 203 2250 aam
220 2193 257 2247 ad
274 2211 319 2248 me
338 2192 473 2258 defertis,
496 2212 561 2250 cum
576 2210 624 2248 me
645 2194 840 2266 ina-probitatis
859 2196 1053 2267 patrocinium
1079 2196 1226 2267 suscipere

145 2270 244 2326 vultia.
282 2269 366 2342 Atqui
387 2269 417 2324 id
437 2269 507 2336 tibi,
528 2271 622 2344 inquit
633 2271 757 2334 Laelius,
771 2271 932 2326 verendum
948 2283 999 2337 cat,
1016 2271 1040 2326 ai
1061 2287 1095 2325 ea
1109 2269 1225 2334 dixeris,

144 2363 219 2420 quae
243 2357 342 2400 contra
362 2345 499 2402 iustitiam
522 2347 578 2401 dici
604 2347 713 2411 solent,
739 2363 776 2400 ne
801 2348 842 2401 aio
866 2346 951 2402 ctiam
969 2347 1077 2403 aentire
1097 2346 1226 2412 videare,
1289 2382 1292 2394 ·

145 2439 210 2476 curn
230 2431 259 2476 et
280 2422 340 2493 ipse
363 2422 399 2476 aia
426 2423 506 2495 quasi
537 2423 653 2478 unicum
679 2421 840 2494 exemplum
870 2423 1004 2496 antiquae
1023 2423 1177 2496 probitatis
1198 2433 1228 2486 et

139 2497 225 2568 fidei,
254 2514 352 2570 neque
367 2497 404 2552 sit
426 2499 522 2572 ignota
547 2498 725 2560 consuetudo
751 2510 799 2554 tua
823 2499 982 2554 contrarias
1003 2498 1033 2553 in
1053 2509 1149 2572 partes
1171 2496 1226 2553 dia·

139 2572 272 2639 serendi,
297 2572 376 2646 quod
401 2574 442 2630 ita
472 2574 608 2630 facillime
636 2593 737 2630 verum
762 2575 888 2630 inveniri
914 2586 1005 2647 puter.
1059 2575 1095 2631 Et
1117 2575 1226 2642 Philus,
1297 2617 1301 2628 ,

138 2651 205 2707 beia
224 2667 311 2713 vero,
335 2649 443 2722 inquit,
469 2669 567 2726 geram
590 2669 701 2708 rnorem
726 2650 827 2717 vebia,
852 2661 882 2707 et
902 2669 947 2706 mo
966 2651 1094 2709 oblinam
1114 2652 1225 2720 aciene5

139 2724 381 2800 quodquoniam,
397 2727 446 2798 qui
466 2745 567 2804 nurum
589 2739 740 2801 quaerunt,
754 2743 812 2780 non
833 2739 934 2800 putant
955 2727 1012 2782 sibi
1024 2726 1226 2793 recusandum,

137 2820 193 2857 noa
214 2819 279 2856 eum
303 2801 438 2857 iustitiam
464 2801 654 2876 quaeramus,
675 2821 741 2858 reruv
759 2804 849 2858 multo
872 2803 949 2857 omni
975 2821 1048 2858 auro
1071 2804 1225 2869 cariorem,

137 2879 248 2932 nullam
268 2877 403 2949 profecto
416 2880 576 2934 molestiam
587 2879 688 2953 fugere
701 2879 848 2935 debemus.
888 2879 982 2951 Atque
1005 2877 1225 2952 utinamquena-

138 2953 296 3010 admodum
318 2955 449 3009 oratione
475 2974 538 3010 sum
562 2972 666 3010 usurus
690 2956 801 3019 aliena,
825 2954 866 3009 sic
888 2955 958 3009 mibi
982 2972 1034 3009 ore
1054 2955 1096 3010 uti
1123 2955 1226 3012 liceret

138 3031 252 3090 alieno!
292 3040 328 3102 et
345 3031 445 3086 Brut.
472 3039 522 3094 23.
561 3031 725 3104 Iisdemque
746 3031 929 3104 temporibus
948 3030 979 3084 L.
1002 3030 1108 3086 Furius
1126 3031 1225 3088 Philut

139 3105 271 3182 perbene
288 3104 388 3162 Latine
406 3108 486 3182 loqui
510 3107 680 3180 putabatur,
703 3107 919 3181 literatiuaque,
938 3125 1024 3182 quarn
1045 3106 1143 3164 ceteri.

60 3256 264 3358 Pompeiuq
283 3257 329 3336 Q,
355 3257 414 3314 vid.
444 3257 654 3334 Sulpicius.
725 3309 727 3313 .

64 3431 245 3503 Pyrr-hue,
271 3447 295 3484 c.
314 3440 340 3492 8.
359 3427 382 3498 §.
402 3440 454 3492 28.
482 3431 538 3486 ef.
560 3430 631 3488 off.
655 3432 678 3488 1.
704 3439 754 3490 12.
794 3450 860 3487 cum
877 3432 994 3498 Latinis,
1007 3433 1225 3502 Sabiniqsam·

141 3505 265 3571 nitibua,
283 3507 398 3572 Poenis,
415 3509 527 3578 Pyrrho
541 3507 577 3564 de
591 3507 715 3581 imperio
729 3507 935 3575 dimicabatur,
952 3512 1043 3566 Poeni
1057 3510 1223 3586 foedifragi,

142 3582 268 3648 crudelia
285 3582 443 3648 Hannibal,
466 3584 573 3658 reliqui
594 3584 737 3644 iustiores.
776 3585 881 3657 Pyrrhi
899 3586 1018 3660 quidem
1040 3585 1077 3642 de
1100 3587 1224 3662 captivis

140 3657 307 3725 reddendia,
326 3660 377 3714 illa
395 3662 560 3732 praeclara:¹

229 3779 289 3835 Nec
311 3781 351 3836 mi
371 3799 474 3837 aurum
495 3800 595 3854 porco,
617 3799 671 3836 nec
691 3781 731 3837 mi
753 3781 880 3855 pretium
893 3781 1048 3846 dederitis!

229 3856 289 3911 Nee
310 3869 506 3930 cauponantes
526 3859 652 3924 bellum,
696 3857 747 3914 ted
765 3858 971 3932 belligerantes

229 3933 332 4000 Ferro,
352 3951 413 3988 non
430 3951 505 3990 auro
527 3936 614 3991 vitam
637 3951 787 3990 cernamur
806 3935 930 4007 utrique.

228 4009 328 4065 Vosne
343 4011 414 4066 velit
430 4027 467 4063 an
494 4027 540 4064 me
552 4027 675 4082 regnare
695 4012 765 4066 bera
780 4009 888 4084 quidve
901 4011 977 4066 ierat
989 4011 1073 4078 Fora,
1143 4061 1148 4075 ,
1216 4041 1219 4050 ·

107 4127 115 4144 ,
219 4085 347 4160 1ἱῐίιιιιῑο
367 4086 556 4158 experiamur.
595 4089 632 4142 Et
649 4087 803 4142 boeairnul
823 4087 923 4162 accipe
936 4075 1060 4143 dictum&

228 4162 361 4290 gaiorum
380 4162 481 4219 virtuti
502 4162 574 4217 belli
594 4162 711 4218 iortuna
730 4163 872 4236 pepercit,

254 4237 396 4294 orundem
416 4257 462 4295 me
481 4238 609 4296 libertati
636 4257 758 4312 parcere
783 4250 894 4296 certum
915 4248 974 4294 eat:

227 4315 325 4382 Dono,
343 4314 452 4381 ducite,
474 4314 582 4388 doque,
604 4315 766 4372 volentibu'
787 4333 853 4370 cum
876 4314 986 4390 magnit
1005 4310 1060 4370 dia.

98 4407 217 4486 negatis
239 4429 323 4509 tana,
342 4424 372 4473 et
387 4411 475 4490 digna
493 4411 686 4472 Aeacidarum
705 4431 813 4493 genere
833 4414 982 4472 contentia.
