2878 5042
338 255 734 328 Dii-AMICITIA
778 253 899 326 GAP.
930 265 992 340 26.
1184 265 1234 342 89

61 437 175 519 Atque
193 432 230 494 iu
248 446 354 496 actum
375 443 426 494 cst
449 441 600 512 praetore
619 449 684 503 me,
707 427 927 513 quinquennio
952 443 1024 493 ante
1054 451 1146 518 quem
1161 399 1241 512 con,

36 541 116 623 'sul
144 559 219 602 sum
239 537 441 603 iactus..1ta
460 555 498 600 ce
518 535 630 620 tnagis,
656 553 750 620 qoam
773 533 959 598 auctoritate
984 555 1078 614 causa
1103 536 1159 606 illa
1180 536 1236 602 de.

54 645 164 708 sensa
188 660 247 708 est.

15 1005 19 1010 .
198 928 308 994 XXVI.
352 923 449 1022 Quod
475 923 557 986 siin
584 943 688 999 scena,
708 923 743 987 id
767 937 832 999 est,
860 925 895 987 in
916 925 1090 1001 concione,
1115 925 1149 990 in
1171 950 1234 1014 qua
1253 947 1293 1012 97

64 1032 169 1095 rebus
185 1031 267 1096 fictis
287 1047 321 1094 ct
338 1031 531 1096 adumbratis
548 1031 613 1095 loci
625 1031 796 1114 plurimum
818 1044 875 1104 est,
896 1045 1001 1094 tamen
1015 1053 1126 1101 verum
1140 1037 1234 1112 valet,

62 1139 94 1200 si
119 1138 217 1199 modo
239 1136 273 1198 id
288 1139 483 1222 patefactum
505 1153 538 1200 et
556 1139 748 1200 illustratum
773 1151 836 1199 est:
856 1136 934 1222 quid
955 1135 989 1200 in
1010 1139 1147 1202 amicitia
1161 1139 1235 1204 fleri

56 1257 207 1325 oportet,
230 1265 312 1330 quae
335 1257 400 1307 tota
423 1243 558 1306 veritate
579 1221 821 1325 perpenditisr?
852 1244 966 1329 inqua
987 1243 1068 1318 uisi,
1091 1259 1127 1307 ut
1151 1244 1251 1308 dict·

52 1345 131 1423 tur,
164 1365 311 1430 apertum
335 1364 450 1431 pectus
474 1348 602 1423 videas,
633 1363 783 1432 tuumque
810 1349 977 1424 ostendas,
1016 1349 1099 1412 nihil
1123 1347 1232 1429 fidum,

54 1455 146 1518 nihil
170 1457 368 1537 exploratum
387 1455 522 1534 babeas3
543 1477 585 1516 ne
606 1475 711 1518 amare
736 1455 886 1542 quidem,
916 1469 969 1518 aut
989 1453 1097 1530 amari,
1125 1477 1232 1542 quum,

57 1561 99 1621 id
122 1581 214 1644 quam
233 1582 313 1626 vere
335 1558 399 1634 fiat,
420 1561 563 1644 ignores.
604 1561 803 1652 Quamquam
826 1559 891 1649 ists·
912 1561 1100 1636 assentatio,
1124 1583 1233 1649 quam·
1264 1603 1269 1610 -

59 1666 114 1729 vis
135 1667 317 1748 perniciosa
339 1667 390 1742 sit,
417 1688 539 1730 nocere
557 1681 663 1730 tamen
680 1663 804 1729 mmini
825 1660 941 1748 potest,
955 1666 1018 1730 nisi
1034 1667 1076 1744 ei,
1095 1668 1230 1753 quieam

56 1772 182 1855 recipit
197 1765 298 1859 'atque
324 1773 359 1836 in
377 1791 415 1836 ea
436 1770 621 1837 delectatur.
663 1777 710 1838 Ita
730 1771 776 1848 iit,
799 1787 833 1836 ut
852 1773 880 1834 is
901 1773 1150 1838 assentatoribus
1171 1795 1230 1857 pa·

53 1878 192 1942 tefaciat
222 1899 317 1942 aures
340 1901 418 1945 suas
445 1879 596 1970 maxime,
629 1863 686 1964 qui
719 1880 790 1964 ipse
825 1877 888 1943 sibi
916 1891 1099 1944 assentetur
1130 1889 1164 1942 et
1192 1897 1229 1942 se

103 2206 128 2278 b·
152 2217 197 2270 9⁷.
220 2240 253 2252 -
268 2228 300 2262 ne
311 2215 390 2282 posss's
400 2227 438 2266 m.
462 2241 498 2254 -
512 2211 599 2284 possis
612 2223 661 2264 aut
679 2213 771 2265 amari
787 2209 818 2264 b.
840 2237 876 2250 -
895 2222 944 2264 aut
959 2229 1012 2264 cm·
1033 2206 1119 2281 possis
1140 2224 1169 2261 v·
1187 2205 1227 2262 V·
1259 2249 1263 2260 .
1315 2275 1320 2286 ι

130 2290 135 2299 “
179 2283 216 2338 R.
234 2285 274 2338 M.
293 2285 324 2351 L.
345 2291 432 2340 amari
449 2289 501 2340 acis
519 2285 585 2354 (scis
606 2303 750 2358 superser.
776 2303 801 2340 a.
822 2302 879 2340 sec.
901 2285 1016 2352 manua)
1039 2299 1064 2337 a.
1087 2299 1121 2328 ·-·
1141 2285 1172 2336 s'n
1193 2301 1226 2336 ea

102 2403 106 2408 .
179 2377 204 2412 c.
219 2360 249 2416 b.
275 2391 299 2403 -
322 2365 412 2418 insila
431 2361 520 2418 Beda.
538 2397 573 2410 -
592 2381 655 2418 om..
668 2367 700 2417 t’n
723 2361 785 2419 Get.
798 2391 834 2404 -
858 2379 915 2416 om.
933 2365 987 2435 ipse
1004 2359 1038 2414 Ε.
1056 2359 1092 2414 V·
1115 2358 1149 2414 R.

13 2576 19 2582 .
51 2542 125 2592 aaa·
151 2541 206 2592 m.
256 2539 299 2592 m·
328 2558 388 2593 sum
414 2542 634 2596 antecursorum
662 2531 944 2608 tammonem:
987 2535 1226 2610 occansonem

51 2615 182 2668 Caesaris
199 2617 304 2685 proelio
330 2620 483 2681 commt‘sso,
510 2620 632 2672 celeriter
659 2617 857 2672 vendibilis
876 2629 984 2680 orator,
1000 2631 1081 2689 quam
1097 2625 1127 2664 ut
1140 2609 1225 2674 nesci·

51 2691 213 2743 Domitiani
230 2711 248 2744 a
265 2705 347 2764 ponte
359 2695 460 2764 repulsi
468 2713 495 2746 se
511 2697 542 2746 in
554 2697 629 2764 opps'·
657 2713 708 2757 res,
732 2694 801 2768 quid
820 2697 846 2748 εἰ
862 2693 969 2748 deesset.
1009 2721 1044 2736 -
1085 2701 1166 2762 atque
1180 2689 1225 2760 td)

54 2766 123 2818 dum
150 2782 314 2840 receperunt.
355 2771 457 2822 Caesar
475 2770 628 2838 Isgicru'bua
655 2765 675 2822 i.
701 2786 727 2821 e.
753 2783 834 2843 atque
864 2771 952 2836 adeo,
985 2778 1018 2824 ut
1046 2780 1141 2839 saepe.
1171 2795 1223 2814 .-

53 2841 225 2898 eramdueu's
238 2845 278 2898 cd
289 2844 418 2916 oppidum
432 2847 553 2898 constitit
557 2865 623 2918 lue
651 2860 779 2918 praetore
794 2865 843 2909 me,
856 2842 1056 2918 quinquennio)
1068 2841 1089 2893 i.
1097 2857 1122 2894 e·
1134 2855 1224 2912 quum
1297 2875 1302 2888 ·

50 2929 140 2990 taque
157 2937 260 2972 maram
282 2933 375 2974 caera
386 2924 484 2993 posuit.
506 2919 560 2976 cfr.
576 2937 622 2974 su·
652 2922 739 2975 bomo
753 2937 845 2976 essem
859 2919 1038 2977 auctoritatis
1051 2932 1145 2990 noque
1154 2933 1223 2987 pro·

46 3011 109 3065 pra
143 3009 167 3046 e.
191 3002 237 3052 20.
265 2995 289 3064 §.
317 3005 362 3056 75.
387 3023 437 3042 ·-
477 2999 507 3048 In
523 2997 623 3070 sorum
652 3007 718 3068 pter
767 2997 965 3070 magistratum
1005 3009 1100 3068 neque
1136 2991 1223 3046 etiam

45 3071 159 3138 versus)
179 3069 228 3126 Sic
246 3071 322 3124 enim
337 3071 556 3128 Grassstseurae
572 3089 623 3143 po·
652 3083 776 3144 propter
792 3083 915 3132 aetatem
928 3089 1054 3146 magnae.
1084 3097 1130 3120 =-.
1168 3069 1221 3138 itu)

40 3145 165 3218 pulcris
188 3158 303 3218 captans
320 3159 407 3220 atque
430 3150 460 3204 in
479 3160 624 3203 contunsa·
653 3149 677 3202 i:
687 3165 712 3203 e.
726 3151 805 3214 adeo,
819 3161 852 3204 ut
868 3164 954 3220 saepe
959 3165 969 3215 3
991 3147 1044 3202 cfr.
1058 3161 1112 3218 pro
1123 3141 1220 3212 Deiot.

40 3223 120 3276 liam
139 3233 255 3277 senatus
269 3224 524 3289 conmouatusest,
535 3241 624 3297 quum
654 3241 678 3278 c.
696 3235 728 3286 7:
766 3227 818 3280 Dii
829 3239 854 3277 te
864 3225 1004 3298 perduint,
1021 3221 1154 3290 fugitiva!
1169 3221 1220 3274 ita

43 3309 144 3362 antea,
166 3298 218 3370 qui
239 3315 307 3352 cum
325 3301 437 3372 populo
454 3311 584 3374 agerent,
594 3301 623 3354 in
651 3321 708 3355 non
724 3301 805 3354 modo
830 3319 945 3374 nequam
964 3313 989 3354 et
1007 3295 1152 3371 improbas,
1172 3295 1222 3352 sed

43 3373 163 3426 curiam
193 3375 272 3430 versi
299 3388 329 3432 et
356 3377 504 3437 comitium
530 3376 622 3432 verbu
651 3391 677 3432 et
693 3378 795 3448 saturas
813 3391 838 3430 et
858 3394 1001 3432 armenes.
1089 3432 1091 3440 ,

41 3449 196 3506 fecissent.
238 3484 273 3496 -
314 3471 397 3524 agere
421 3473 481 3508 cum
505 3454 621 3526 populo)
716 3502 719 3522 ,
1004 3493 1006 3500 ,
1100 3497 1102 3506 ,
1211 3499 1214 3510 .

38 3525 113 3582 cs’r.
140 3527 197 3599 leg·
224 3529 284 3592 111,
310 3535 345 3596 t:
386 3532 464 3583 Cum
488 3531 619 3602 populo
687 3526 764 3598 §·97.
784 3532 814 3584 in
824 3547 915 3592 scena,
930 3528 962 3580 id
972 3521 1217 3591 est,inconcions)
1302 3573 1312 3588 ,

33 3605 290 3677 patribusque
315 3600 450 3676 agendi
478 3609 527 3679 jus
565 3619 619 3660 este
648 3604 672 3660 si
692 3604 738 3659 cui
768 3606 835 3660 voci
859 3601 1021 3676 improprie
1045 3599 1218 3673 ariaciusque

35 3681 171 3746 corneli,
193 3685 334 3752 praetori,
372 3686 505 3752 magistr-o
528 3685 624 3756 papatis·
648 3679 794 3736 adhibitae
819 3699 875 3736 vox
906 3676 1027 3752 propria
1051 3675 1218 3750 apponitur,

38 3758 228 3828 equitumque,
248 3761 333 3830 eique,
353 3777 429 3834 quem
446 3771 539 3831 patrea
555 3779 621 3832 pro·
650 3755 805 3827 formulam
833 3759 865 3815 td
887 3770 924 3810 est
949 3770 1090 3826 usurpare
1119 3763 1219 3808 noster

37 3833 130 3896 dms
172 3836 312 3888 romulum
332 3835 524 3904 rogandarum
543 3855 620 3906 ergo,
650 3835 740 3904 solst3
770 3850 827 3907 qua
842 3831 912 3905 quid
927 3829 1109 3904 cogitandum
1129 3828 1217 3903 potis·

36 3909 225 3982 tribuumque,
238 3911 367 3982 quaesibi
383 3913 469 3982 plebes
484 3917 613 3982 rogassit,
650 3911 753 3968 simum
778 3910 830 3976 sit,
851 3907 1036 3983 significetur·
1069 3905 1130 3962 Cir.
1155 3903 1216 3961 Cat.

30 3987 82 4056 jus
105 3995 257 4038 esto'cutn
280 3989 447 4058 patribus
474 3989 613 4058 egendi.
643 4003 668 4040 c.
692 3995 737 4049 16.
760 3984 787 4058 §.
809 3993 861 4049 56:
902 3990 935 4040 In
957 3985 1036 4056 agris
1061 3995 1141 4037 erant
1159 3996 1216 4036 tum

30 4068 132 4132 Agere
153 4071 250 4116 autem
271 4064 310 4115 ad
328 4061 376 4118 vel
397 4063 472 4137 apud
488 4066 615 4136 populum
642 4079 843 4128 senatores,
870 4063 991 4128 idest,
1017 4079 1129 4115 senes:
1150 4057 1214 4112 Fin.

29 4135 186 4194 estverba
200 4136 296 4192 iacere
308 4139 385 4211 apud
400 4140 551 4211 populum,
567 4138 615 4193 vel
643 4139 704 4206 ΙΙΙ,
731 4149 833 4213 5.,183
882 4137 943 4192 sam
975 4137 1215 4200 membrorum,

30 4213 59 4268 in
88 4213 330 4270 accusationibus
351 4214 616 4274 velin'defensio·
644 4217 683 4270 td
711 4230 774 4280 est,
811 4219 974 4288 partium
1006 4215 1214 4284 corporis,

32 4291 127 4344 nibus
156 4290 205 4343 vel
224 4290 280 4344 alie
298 4290 335 4346 de
353 4309 445 4348 cansa.
476 4323 512 4336 -
550 4310 616 4345 eeu·
644 4295 702 4350 alio
733 4294 858 4348 videntur
879 4303 993 4364 propter
1021 4307 1113 4342 sorum
1140 4305 1214 4342 usum

30 4366 166 4436 dibs'lem)
173 4365 194 4422 i.
206 4381 232 4424 e.
244 4367 348 4442 populi
354 4368 485 4441 plausum
500 4378 616 4442 captan-
644 4365 663 4424 'a
682 4382 786 4426 nmero
797 4387 849 4422 esse
866 4367 988 4430 dorseta,
1008 4377 1038 4421 ut
1055 4371 1213 4436 mamcetc.
