2878 5042
320 305 394 376 nn
427 287 726 378 Anrcirra‘
757 303 879 378 car.
914 315 975 388 27.
1169 319 1217 394 oo

46 504 117 572 que
138 481 287 548 iteratio
308 493 490 561 comparata
512 493 562 544 est
589 478 676 544 ritae
702 493 898 567 naturasque
925 493 1071 556 nostras,
1103 479 1220 546 utalia
1315 485 1318 490 ⁴
1359 474 1364 492 ⁸

46 607 139 654 aetas
162 587 288 658 oriatur
309 603 351 647 ex
371 585 452 665 alia3
485 585 621 648 maxime
648 583 778 672 quidem
799 583 970 668 optandum
991 601 1057 664 est,
1090 601 1127 650 ut
1147 605 1220 649 cum

45 694 242 782 aequalibus
262 691 388 777 possis,
432 691 621 776 quibuscum
641 705 800 775 tamquam
829 712 848 753 e
876 692 1061 756 carceribus
1085 691 1220 759 emissus

49 801 110 874 sis,
132 821 207 863 curn
227 799 347 863 eisdem
368 795 409 860 ad
431 796 561 873 calcem,
583 811 619 862 ut
639 797 774 870 dicitur,
804 797 988 880 pervenire.
1050 796 1116 860 Sed
1137 792 1278 884 quo-102

53 905 144 970 niam
178 925 231 970 res
250 893 405 966 humanae
434 901 569 996 fragiles
603 901 806 990 caducaeque
837 919 931 980 sunt,
968 883 1097 986 semper
1121 901 1223 991 aliqui

55 1011 247 1098 anquirendi
266 1024 356 1083 sunt,
380 1029 460 1092 quos
474 994 642 1094 diligamus
662 1025 694 1074 et
712 1019 733 1072 ‘a
753 1009 868 1094 quibua
883 1009 1069 1094 diligamur:
1092 1008 1222 1074 caritate
1298 993 1301 998 Α

54 1120 142 1181 enim
162 1114 453 1200 benevolentiaque
482 1115 603 1180 sublata
629 1116 732 1181 omnis
758 1129 809 1178 est
834 1136 852 1178 e
879 1117 944 1179 rita
969 1117 1090 1178 sublata
1111 1117 1223 1178 iucun-

50 1225 146 1288 ditas.
199 1222 284 1289 Mihi
312 1220 441 1308 quidem
467 1219 598 1304 Scipio,
643 1241 832 1306 quamquam
863 1236 914 1286 est
945 1223 1049 1287 subito
1078 1237 1221 1304 ereptus,

48 1331 134 1394 vivit
151 1333 476 1412 tameu'scmperquc
493 1328 596 1400 vivett
631 1327 784 1390 virtutem
809 1328 896 1392 enim
918 1327 1020 1391 amari
1043 1327 1130 1389 illius
1151 1327 1222 1403 riri,

49 1458 136 1524 quae
170 1435 325 1498 exstincta
347 1454 412 1495 non
439 1447 497 1498 est.
547 1437 615 1498 Nec
642 1432 722 1496 mihi
751 1433 813 1496 soli
842 1447 989 1497 versatur
1009 1420 1082 1496 ante
1102 1435 1222 1507 oculos,
1292 1446 1294 1466 ³

52 1544 112 1630 qui
136 1543 226 1606 illam
258 1559 389 1624 semper
415 1539 448 1602 in
480 1538 625 1602 manibus
650 1537 763 1612 habui,
791 1536 967 1602 sedetiam
992 1540 1133 1623 posteris
1162 1537 1224 1604 erit
1255 1591 1259 1603 .

54 1652 141 1714 clara
163 1662 196 1712 et
211 1647 359 1730 insignis.
402 1648 504 1708 Nemo
531 1635 680 1731 umquam
703 1643 808 1709 animo
830 1658 884 1709 aut
905 1665 963 1727 ape
980 1645 1100 1710 maiora
1121 1644 1224 1708 susci·

53 1727 146 1839 pibo,
172 1753 226 1838 qui
246 1751 309 1816 sibi
330 1773 394 1814 nou
415 1751 502 1812 illius
522 1750 709 1814 memoriam
726 1764 821 1833 atque
842 1749 1013 1833 imaginem
1037 1772 1224 1835 proponen-

49 1862 125 1924 dam
137 1874 249 1944 putet.
293 1856 452 1944 Equidem
472 1877 512 1918 ex
530 1856 678 1918 omnibus
696 1855 805 1930 rebus,
827 1879 905 1944 quas
930 1853 1008 1918 mihi
1026 1872 1079 1921 aut
1093 1842 1282 1920 fortunalcss

48 1981 106 2029 aut
131 1979 246 2028 natura
279 1963 408 2036 tribuit,
436 1962 516 2024 nibil
538 1961 658 2038 habeo,
691 1961 872 2048 quodcum
899 1961 1037 2025 amicitia
1064 1961 1225 2047 Scipionis

24 2095 27 2102 ·
53 2071 176 2154 possim
197 2089 394 2154 comparare.
438 2071 474 2130 ln
494 2067 554 2130 hac
573 2062 652 2128 mibi
673 2066 714 2130 de
727 2065 905 2149 republica
925 2050 1226 2145 consedsua,iul1ac

52 2255 475 2271 'affl

92 2399 193 2470 §tlon
211 2430 247 2442 -
264 2417 291 2458 v.
306 2398 383 2452 estll.
405 2405 447 2462 [].
465 2431 499 2442 -
514 2397 563 2450 sed
577 2393 646 2450 eth.
660 2399 695 2437 -‘-
709 2406 861 2451 orntum
880 2413 904 2452 c.
923 2427 958 2444 -
978 2397 1012 2451 B.
1025 2415 1054 2452 v.
1075 2397 1126 2452 sed
1136 2403 1171 2460 [1.
1188 2427 1223 2442 -

168 2474 191 2547 ᾗ.
215 2483 279 2536 103.
300 2479 339 2525 Ν
359 2473 416 2530 del.
436 2487 497 2528 erut
515 2491 580 2528 eum
600 2470 674 2527 cdd.
696 2471 764 2546 aliq.
785 2474 819 2529 B.
840 2507 875 2520 --
897 2473 1047 2530 domtu'uc
1065 2474 1135 2529 idem
1154 2471 1185 2528 b.

48 2691 104 2746 per
123 2672 264 2737 necdum,
278 2673 507 2747 generationem.
528 2672 631 2737 „Naar
651 2674 713 2728 bna
732 2676 790 2727 vir
806 2685 845 2726 aar
854 2675 1088 2746 praestantissimo
1101 2675 1224 2746 ingenio.

51 2766 185 2803 occasum
211 2759 353 2804 stortura
370 2748 622 2804 deflorescendum
651 2778 687 2791 -
710 2753 740 2804 C.
763 2751 903 2803 Gracchus
928 2750 1019 2822 Epist.
1044 2749 1081 2804 ad
1098 2749 1179 2804 Laut.
1199 2749 1224 2814 1,

52 2835 82 2879 et
105 2827 315 2880 renascentium
337 2835 462 2880 aetatum
485 2828 622 2898 (γενεῶν)
651 2835 680 2890 9.
692 2843 720 2897 p.
745 2835 789 2885 18.
812 2823 857 2878 ed.
881 2825 966 2880 Erus
989 2829 1127 2880 inimicum
1139 2821 1226 2878 meum

51 2899 178 2954 notando
201 2901 240 2954 ita
259 2901 376 2956 domurn
397 2902 472 2959 vitus
490 2913 622 2955 naturas·
652 2903 990 2973 -sr'curnplexohantnr,
1008 2903 1098 2956 sicin
1119 2903 1227 2955 mani·

50 2993 107 3050 que
135 2978 274 3032 humanae
301 2979 376 3033 ratio
406 2977 621 3042 declarabitur,
651 2979 712 3032 bus
730 2979 928 3040 habebant,
956 2981 994 3034 sic
1007 2978 1165 3051 fovebunt,
1185 2980 1225 3034 sic

48 3052 278 3126 cohaerebitque
292 3071 356 3107 eum
371 3053 485 3107 reddita
498 3054 622 3118 ratione,
652 3074 693 3107 nse
703 3067 843 3126 praesente
856 3057 1060 3108 cremabantur.
1070 3081 1105 3094 -
1146 3055 1225 3108 claro

46 3128 129 3202 quod
155 3127 222 3182 iude
250 3130 399 3203 colligitur
419 3141 622 3202 praeceptum:
652 3143 678 3182 et
697 3131 826 3199 imignz's)
844 3128 892 3184 vir
911 3133 1000 3184 clarata
1016 3130 1135 3195 uirtute,
1157 3131 1222 3184 ima

47 3221 168 3278 semper
185 3207 300 3278 aliquos
325 3207 379 3273 (z.-
395 3207 469 3260 slios
493 3224 576 3278 quos,
593 3200 633 3258 b.·
650 3211 716 3276 gnra
738 3204 835 3258 laude.
881 3205 945 3260 cfr.
974 3208 1052 3259 Fam.
1079 3206 1138 3272 lll,
1172 3215 1223 3265 lla

48 3298 75 3336 e.
103 3281 180 3335 alios
206 3293 274 3354 post
301 3283 394 3349 alios)
426 3281 622 3355 anquireudos
651 3284 720 3336 nibil
745 3286 814 3336 enim
832 3281 895 3353 suit
927 3284 1054 3336 claram.-
1081 3302 1139 3336 non
1168 3301 1233 3355 quo,

51 3373 112 3411 esse
134 3357 275 3413 amicos“.
292 3356 621 3426 &heumihi-1492
648 3363 794 3432 quanquam
819 3360 900 3411 aliter
923 3371 1060 3432 putasset:
1088 3358 1137 3412 sed
1155 3358 1226 3412 nibil

650 3435 684 3487 de
709 3436 916 3504 insignibus
947 3435 987 3488 ad
1014 3434 1123 3488 laudem
1158 3433 1224 3488 viris

80 3501 132 3571 Ὧς
158 3505 277 3585 oisdpuiu
301 3506 397 3584 γενεῆ,
423 3507 439 3578 ἤ
460 3513 518 3585 μὲν
538 3511 618 3585 φύει,
650 3512 762 3567 obscure
783 3513 911 3582 nuntiari
932 3513 1010 3564 solet.
1050 3541 1084 3555 -
1131 3512 1223 3576 animo

260 3583 323 3654 ἧδ’
340 3585 481 3661 ἀπολήγει.
647 3599 696 3640 arat
713 3587 769 3658 spe)
802 3603 857 3657 per
880 3600 929 3640 aut
952 3587 979 3640 b.
1002 3585 1022 3641 l.
1049 3583 1224 3641 ascenditur.

243 3683 246 3688 ⁴
309 3667 311 3671 ’
648 3691 682 3703 -
703 3665 826 3736 majora)
846 3666 955 3737 majora
968 3672 1011 3718 cst
1024 3659 1221 3734 Comparativ.

46 3738 88 3792 ud
106 3738 220 3804 calcem)
242 3738 264 3791 i.
282 3755 308 3794 e.
324 3750 442 3804 cretam,
467 3757 524 3813 qua
542 3749 618 3795 meta
645 3743 753 3812 'sugens
766 3756 822 3809 pro
836 3738 1220 3811 Positivo‚utVirg.Eclog.

49 3810 264 3888 designabatur.
281 3813 336 3871 cir.
350 3814 411 3871 Cat.
440 3825 523 3876 aas.
537 3817 559 3888 §.
572 3825 618 3880 83.
646 3815 802 3880 1v‚1.-
831 3817 927 3888 paullo
949 3818 1059 3890 majora
1082 3833 1222 3872 ronanus.

591 3991 593 3998 ⁴
685 3963 795 4034 §.105.
835 3967 929 4032 rebus,
959 3985 1028 4040 qrsas
1056 3967 1129 4033 etc.)
1156 3964 1176 4020 i.
1194 3981 1221 4022 c.

83 4038 192 4109 §.102
222 4041 347 4114 fragiles
357 4041 543 4118 chuoaaqna)
558 4040 620 4110 jun·
647 4041 737 4098 rebus
762 4041 904 4096 burnonis.
943 4073 978 4088 -
1013 4040 1096 4117 'quod
1114 4042 1222 4118 quidam

43 4127 155 4190 guntur
173 4133 228 4190 per
244 4118 367 4194 figurans
381 4117 618 4173 Gradationis.-
646 4121 792 4186 assuerim)
819 4117 882 4172 cfr.
908 4117 1022 4190 Zumpt.
1049 4119 1102 4172 Gr.
1122 4135 1150 4171 o.
1176 4125 1222 4178 ⁷8.

43 4211 88 4247 rsa
107 4195 261 4262 hnmanae)
292 4194 312 4248 i.
332 4213 359 4250 s.
379 4195 438 4250 vita
458 4194 618 4250 homiuum·
646 4193 675 4268 §·
699 4203 764 4257 559·
803 4225 838 4242 -·
875 4198 1113 4268 peregrinationes
1139 4197 1223 4250 rusti·

44 4301 81 4315 -
122 4273 155 4324 a‘n
173 4273 297 4326 manibus
317 4271 418 4340 haim)
440 4271 459 4324 i.
480 4287 507 4326 e.
528 4271 618 4327 virtu·
645 4274 832 4346 rationesque)
852 4269 888 4326 de
910 4287 994 4325 mora
1012 4272 1222 4334 Romanorum,

42 4356 104 4400 tem
138 4345 217 4418 Suip.
248 4357 431 4422 praesentans
462 4345 546 4416 ridi3
585 4358 619 4404 ut
645 4347 698 4421 qui
730 4348 801 4402 bauo
833 4345 922 4416 animi
955 4346 1222 4420 oblectamentique

10 4445 14 4458 ·
41 4422 128 4479 Brut.
149 4439 176 4477 c·
195 4429 248 4485 ὅδε
288 4423 343 4480 aad
366 4441 432 4480 aare
451 4428 489 4480 in'
512 4427 619 4481 muni·
645 4439 732 4480 causa
750 4423 885 4481 solebant
904 4438 1019 4508 ourarq
