2878 5042
1417 155 1422 280 l

207 283 279 358 sos
449 240 452 265 “
536 219 687 350 muas
736 256 1037 347 manumetis,

278 457 306 508 2.
327 459 379 511 58.
418 447 495 578 (pail
511 449 587 504 enlm
607 447 732 504 censes?
751 447 775 504 si
789 447 821 502 t.
837 443 990 504 Mummius
1008 447 1136 521 aliquem
1149 447 1276 503 istorum
1293 446 1374 512 vide
1421 465 1422 482 ¹

278 527 334 588 ret,
359 534 432 579 mate
446 525 554 580 lienem
575 524 756 580 Corinthium
785 523 969 598 cupidissime
989 535 1174 588 tractantem,
1192 541 1287 596 quum
1313 523 1372 594 ipsc

277 611 368 656 totam
388 600 559 655 Corinthum
573 601 798 672 contempsisset,
824 612 919 657 utrum
948 601 1030 656 illum
1054 601 1147 666 civem
1167 599 1364 662 excellentem,
1421 619 1422 634 ¹

277 674 481 732 enutrientem
500 675 666 750 diligentem
683 677 819 748 putaret?
839 711 874 724 -
912 677 1008 732 Vell.
1024 679 1096 731 Pat.
1115 675 1139 750 l,
1164 685 1215 735 ts.
1256 674 1362 728 Euclea

276 765 364 817 anno,
382 771 441 824 quo
466 751 609 826 Carthago
623 752 758 816 concidit,
776 753 808 808 Is.
826 753 982 808 Mummius
1001 751 1182 815 Corinthum,
1195 760 1267 823 post
1282 747 1368 806 annos

277 825 473 894 necessu,
508 847 582 904 quse
600 827 638 882 ab
659 829 741 884 Alete
760 829 897 904 Hippotis
913 829 974 884 litio
997 839 1060 883 erat
1078 827 1208 890 condita,
1236 826 1369 882 funditus

279 905 364 971 eruit,
383 916 506 978 uterque
527 905 696 980 imperator,
710 906 833 962 divictae
853 923 870 962 a
896 921 926 960 se
946 905 1038 978 gentis
1059 905 1175 960 nomiae
1195 903 1369 968 honoratus,
1421 903 1422 972 ζ

278 982 352 1036 alter
370 979 539 1047 Africanus,
566 981 641 1038 altor
658 981 818 1054 appellatus
838 974 882 1042 est
903 979 1060 1048 Achaicum
1088 979 1320 1053 necquicquam
1341 999 1370 1035 cx

279 1057 363 1113 novis
383 1052 548 1113 bominibus
570 1058 655 1132 prior
673 1059 813 1114 Mummio
834 1051 996 1132 cognomen
1013 1057 1121 1110 virtute
1140 1067 1256 1128 partum
1278 1056 1371 1110 vindi-

277 1135 363 1190 cavit.
402 1135 517 1188 Diversi
531 1134 755 1206 imperatoribus
775 1143 879 1199 mores,
896 1133 1012 1198 diversa
1028 1133 1111 1186 luere
1127 1131 1236 1188 studia:
1258 1133 1369 1205 quippe

275 1209 379 1282 Scipio
396 1221 453 1264 tam
475 1209 598 1284 elegans,
617 1209 782 1265 liberalium
806 1210 966 1275 stutliorum
981 1255 983 1274 2
996 1209 1146 1280 omnisque
1167 1207 1325 1262 doctrinae
1345 1221 1371 1264 ct
1421 1225 1422 1228 ’

231 1323 234 1331 =
277 1296 381 1341 auctor
400 1297 429 1360 et
446 1287 607 1342 admirator
625 1285 696 1352 iuis,
716 1298 748 1342 ut
761 1278 914 1358 Polybium
935 1286 1169 1358 Panaetinmque,
1187 1286 1369 1354 praecellen-

211 1395 215 1405 ·
276 1373 321 1419 tes
335 1362 457 1435 ingenio
479 1363 571 1428 viros,
592 1361 670 1416 domi
689 1363 866 1436 militiaeque
887 1378 983 1416 secum
1002 1361 1152 1428 habuerit;
1173 1377 1272 1432 nomae
1295 1363 1368 1414 enim

276 1438 428 1512 quisquam
450 1440 506 1494 hoc
527 1439 664 1512 Scipione
684 1440 841 1511 elegantius
865 1437 1018 1492 intervalla
1036 1437 1221 1509 negotiorum
1241 1436 1308 1491 otio
1329 1437 1365 1490 di-

277 1515 400 1589 spunsit‚
428 1532 601 1589 semperque
628 1527 677 1571 aut
697 1515 768 1570 belli
794 1525 844 1570 aut
866 1514 945 1587 pacis
969 1512 1071 1568 serviit
1097 1512 1226 1566 artibuse
1253 1511 1367 1586 semper

278 1589 354 1644 inter
373 1605 453 1645 arma
472 1609 505 1646 ac
524 1591 616 1647 studia
636 1603 783 1657 versatus,
813 1601 862 1646 aut
880 1607 986 1660 corpus
1013 1589 1151 1659 periculis
1171 1599 1221 1643 aut
1241 1591 1363 1643 animum
1421 1645 1422 1662 ,

222 1699 225 1708 ‚
277 1665 438 1737 disciplinis
457 1668 593 1736 exercuit.
633 1668 789 1721 Mummius
809 1678 864 1722 mm
884 1665 965 1720 rudis
985 1665 1049 1729 luit,
1070 1676 1102 1719 ut
1121 1675 1203 1736 capta
1212 1664 1362 1730 Corintho,

278 1759 344 1795 cum
362 1743 549 1802 maximorum
579 1743 720 1800 artificum
740 1742 884 1813 periectas
910 1739 1042 1794 manibus
1067 1741 1179 1796 tabulas
1199 1757 1235 1795 se
1264 1754 1359 1797 statum

278 1818 308 1870 in
328 1818 439 1882 ltaliam
458 1818 614 1890 portandas
633 1819 759 1883 locaret,
787 1817 903 1875 iuberet
926 1815 1057 1889 praedici
1076 1816 1355 1886 conducentibus,sl

278 1910 326 1950 eas
339 1893 553 1966 ,perdidissem
570 1911 727 1956 curescet
747 1893 924 1951 reddituros.

201 2221 350 2292 llssica,
381 2223 441 2326 eid.
467 2225 606 2300 Scipio.

1421 1903 1422 1954 t

765 2079 810 2150 a

728 2229 731 2240 ·
1421 2216 1422 2267 t

1421 2455 1422 2544 l

667 2403 669 2406 ·
753 2387 792 2456 P.

203 2530 401 2602 Papirius,
420 2515 480 2586 vss'.
502 2530 642 2586 carso.

202 2631 324 2701 Papus
353 2627 555 2697 sentitus,
580 2627 641 2686 rid.
667 2629 877 2686 Fabricius.

1286 2657 1289 2665 r
1421 2645 1422 2668 l

203 2726 581 2792 Paullusbemilius,
603 2745 626 2780 c.
647 2733 674 2790 6.
695 2725 811 2802 §.2L3
833 2727 875 2782 ef.
895 2729 971 2784 Liv.
990 2729 1081 2798 xx11,
1101 2737 1153 2799 [39.
1192 2729 1372 2786 cn.Lensu·
1421 2677 1422 2736 i

160 2823 163 2830 ’
282 2799 334 2881 lus,
347 2805 482 2860 tribunus
500 2804 647 2870 militum„
672 2821 759 2876 quum
781 2807 1007 2877 praetervehens
1041 2825 1133 2880 equo,
1159 2807 1307 2862 sedentem
1344 2809 1372 2860 in
1421 2835 1422 2850 κ

282 2899 348 2947 saxo
367 2899 473 2936 crssorc
489 2881 638 2952 oppletum
653 2883 802 2936 consulem
816 2881 950 2938 vidisset:
970 2883 1002 2938 L.
1017 2884 1137 2950 Aemili,
1155 2883 1266 2956 inquit,
1284 2902 1371 2958 quem

281 2975 372 3014 unum
384 2956 526 3011 insontem
546 2958 647 3029 culpae
662 2957 751 3011 cladis
765 2957 926 3015 'hodiernae
949 2957 989 3014 dii
1005 2961 1152 3032 respicere
1171 2958 1287 3026 debent,
1301 2978 1370 3032 cape

271 3031 358 3087 'bunc
378 3049 500 3106 equum3
521 3030 589 3087 dum
608 3044 637 3088 et
652 3033 705 3087 tibi
730 3034 835 3088 virium
855 3035 967 3108 aliquid
990 3047 1131 3108 superest,
1150 3052 1247 3090 eomes
1267 3053 1325 3110 ego
1347 3048 1370 3091 ts

282 3109 387 3165 tollere
401 3126 517 3182 possum
535 3127 568 3164 ae
580 3120 746 3184 protegere,
759 3128 794 3164 ne
812 3110 953 3167 funestam
970 3111 1043 3166 banc
1060 3129 1184 3184 pugnam
1197 3123 1292 3168 morte
1307 3131 1364 3167 cos
1421 3121 1422 3124 ’

228 3243 231 3254 Α
282 3186 352 3242 aulis
374 3184 488 3240 leceris.
527 3185 619 3241 Etiam
640 3186 701 3241 sine
719 3185 774 3239 boe
792 3186 976 3242 lacrimarum
990 3188 1057 3242 satis
1074 3187 1225 3262 luctusque
1243 3199 1296 3244 est.
1332 3187 1366 3244 ll

207 3307 209 3312 .
282 3279 316 3318 es
345 3262 461 3317 consul:
482 3261 527 3316 Tu
549 3260 683 3336 quidem,
709 3261 762 3320 Cn.
785 3261 921 3328 Corneli,
941 3276 1034 3320 macte
1057 3263 1165 3319 virtute
1184 3263 1273 3319 estol
1316 3264 1370 3320 Sel

196 3328 203 3350 '
282 3355 363 3406 eave,
386 3335 492 3394 frustra
511 3337 675 3394 miserando
696 3338 829 3412 exiguum
849 3350 960 3413 tempus
981 3357 998 3394 e
1017 3339 1148 3394 manibus
1167 3341 1295 3396 bostium
1307 3359 1373 3399 eva·

278 3413 369 3469 'dendi
390 3415 532 3469 absumat.
570 3413 638 3480 sbi,
658 3415 757 3470 nuntia
782 3415 1070 3486 publice'Patribus,
1091 3415 1193 3471 urbem
1212 3417 1372 3472 Romanam

203 3527 205 3531 ,
282 3491 421 3556 muniant,
442 3507 475 3544 ac
494 3489 585 3564 prius,
605 3509 692 3564 quam
712 3492 802 3548 hostis
816 3493 910 3548 victor
921 3492 1064 3558 adveniat,
1079 3491 1230 3564 praesidiis
1240 3493 1371 3561 firmem
1421 3551 1422 3564 ,

282 3567 478 3640 privatimque
498 3568 533 3647 Q.
554 3565 656 3634 Fabio,
671 3567 703 3622 L.
713 3567 868 3623 Aemilium
888 3580 1113 3641 praeceptorum
1133 3569 1194 3640 ejus
1212 3587 1370 3626 memorem

282 3655 312 3698 et
331 3643 434 3698 vixisse
456 3654 485 3698 ct
502 3641 596 3697 adbuc
615 3645 699 3699 mori.
740 3644 833 3699 Mein
849 3645 902 3698 bae
921 3643 1015 3719 strage
1035 3645 1160 3700 militum
1177 3663 1309 3702 meorum
1323 3663 1366 3717 pa·

215 3723 218 3732 ⁴
282 3729 345 3776 tere
362 3719 519 3792 exspirare,
541 3737 577 3776 ne
593 3731 643 3777 aut
660 3737 726 3775 reus
744 3721 878 3776 iterumc
901 3723 1052 3786 consulatu
1068 3721 1131 3788 sim,
1151 3731 1200 3777 aut
1222 3733 1369 3776 accusator
1421 3771 1422 3780 ,

283 3797 414 3870 collegae
432 3795 573 3862 exsistam,
591 3807 623 3852 ut
647 3795 746 3853 alieno'
757 3797 1088 3862 crimine'innoeentiarn
1106 3815 1198 3868 meam
1211 3810 1371 3872 protegam.
1421 3809 1422 3866 t

281 3871 361 3926 llaec
373 3872 518 3947 exigentes
539 3872 726 3945 priusturba
744 3873 915 3948 fugientium
939 3874 1063 3940 civium,
1082 3871 1297 3934 deindelsostes
1323 3874 1374 3928 ob·
1421 3869 1422 3930 i

235 4005 246 4014 ..
283 3963 434 4020 pressere3
454 3949 613 4016 consulem,
633 3949 808 4024 ignorantes,
831 3950 896 4024 quis
916 3951 1138 4018 essetobruere
1159 3951 1247 4020 telis3
1267 3951 1373 4012 Lentu·

282 4024 343 4078 lum
363 4024 440 4082 iuter
463 4026 619 4082 tumultum
644 4026 896 4102 abripuit'equus·
919 4025 922 4036 “
980 4026 983 4034 ’
1076 4024 1078 4032 ’

205 4143 368 4202 Paullus
386 4144 569 4203 Aemilius
586 4147 864 4218 Macedonicus,
884 4167 909 4204 c.
929 4159 957 4210 2·
977 4148 1001 4218 i·
1021 4159 1049 4212 9.
1069 4165 1095 4202 c«
1114 4155 1142 4209 6·
1163 4143 1188 4216 l·
1207 4153 1255 4204 21·
1276 4159 1303 4199 ⁰·
1327 4153 1369 4206 2⁷·

281 4221 306 4293 l.
335 4233 426 4291 1013
466 4224 510 4279 ci.
531 4224 603 4282 Cic.
630 4225 672 4280 de
703 4238 838 4282 ssneot.
865 4243 890 4280 c.
910 4234 937 4288 6.
977 4227 1117 4280 Nullasne
1136 4221 1372 4296 igiturrsssunt

283 4298 397 4366 seniles,
418 4317 508 4374 quae,
528 4302 577 4356 vel
598 4301 718 4356 infirmis
737 4303 924 4373 corporibus,
941 4303 1038 4364 animo
1059 4295 1374 4364 tameutedmlfliffl'ffl·
1421 4349 1422 4364 ÷

221 4393 224 4396 ·
280 4376 351 4433 tur?
388 4375 468 4436 Nihil
486 4395 557 4452 crgo
576 4377 680 4456 agebat
709 4379 745 4460 Q
771 4378 931 4438 Maximus?
955 4377 1029 4436 nibil
1053 4380 1084 4436 la.
1127 4374 1262 4442 Paulluss
1294 4385 1376 4448 1²⁸¹!er
