2930 5046
215 317 286 390 sto
371 331 374 338 ¹
538 274 692 380 mnan
740 307 1044 406 mammons.

288 481 378 538 octies
396 481 467 537 solis
490 481 645 538 amfractus
662 482 832 558 reditusque
852 483 1045 546 converterit,
1065 481 1182 555 dunque
1197 481 1226 536 lsi
1247 483 1378 550 numeri,

286 575 411 634 quorum
433 569 557 631 uterque
577 559 690 630 plenus,
706 561 781 614 alter
803 561 893 616 altera
914 559 951 613 de
971 575 1065 622 eausa,
1093 560 1224 621 liabetur,
1248 561 1377 614 circuitu

285 636 409 690 naturali
431 652 568 688 summam
590 635 643 689 tibi
667 635 782 689 fatalem
802 636 998 702 confecerint3
1020 635 1096 689 inte
1122 653 1211 688 unum
1231 645 1319 708 atque
1346 637 1372 688 in

284 721 366 766 tuum
390 728 497 766 nomen
517 721 620 764 setota
641 721 793 766 convertet
805 711 920 766 civitas:
940 721 968 764 to
988 721 1111 775 senatus,
1130 722 1158 765 te
1176 729 1275 765 omnes
1288 711 1369 776 boni,

285 798 314 842 te
339 787 426 852 socii,
456 797 485 842 te
510 786 605 841 Latini
635 787 840 842 inurebantur:
869 787 981 841 tueris
1004 803 1097 849 unns,
1126 787 1156 839 in
1178 803 1237 859 qno
1264 787 1374 840 nitatur

285 863 409 918 civitatis
430 865 523 930 salns3
551 879 601 927 ao,
624 881 662 917 ne
686 865 795 927 multa,
822 863 946 918 dictator
976 863 1184 932 rempublicam
1215 863 1375 916 constituas

285 950 419 1012 oportet,
446 941 470 994 ai
494 939 597 1012 impias
623 929 857 1014 propinquorum
885 957 984 992 manus
1009 939 1154 1010 effugeris.
1205 939 1261 992 llio
1282 955 1374 1012 quum

284 1016 469 1071 exclamasset
493 1015 619 1079 Laelius,
639 1017 901 1088 ingemuissentque
920 1014 1009 1070 ceteri
1029 1013 1226 1069 vehementius
1233 1033 1242 1082 3
1264 1014 1374 1069 leniter

283 1091 416 1146 arridens
437 1091 552 1163 Scipio:
580 1092 711 1170 Quaeso,
736 1093 844 1164 inquit,
870 1109 906 1146 ne
935 1108 980 1144 me
1007 1108 1144 1146 esomno
1173 1091 1321 1156 excitetis,
1344 1101 1374 1146 et

283 1185 387 1240 parum
411 1168 515 1234 rebus,
536 1169 633 1222 audite
655 1179 761 1224 estere.
800 1169 870 1222 Pro
897 1168 1028 1221 Milon.
1054 1185 1078 1220 e.
1100 1178 1126 1226 7.
1165 1168 1309 1248 Quantum
1331 1169 1374 1222 lu-

284 1254 361 1297 ctum
389 1243 419 1296 iu
442 1244 496 1298 hae
517 1243 593 1298 urbe
616 1243 714 1308 fuisse,
733 1261 758 1306 a,
774 1243 906 1315 patribus
929 1243 1036 1297 nostris
1054 1243 1233 1314 accepimus,
1255 1261 1319 1298 cum
1340 1245 1372 1297 P.

283 1317 422 1374 Africano
453 1318 532 1373 domi
567 1337 635 1373 suae
662 1319 823 1392 quiescenti
852 1319 902 1374 illa
931 1330 1073 1374 nocturna
1102 1319 1146 1372 vis
1172 1319 1373 1392 esset‚illata!

283 1396 354 1476 Quis
378 1407 438 1450 tum
463 1413 524 1449 uon
551 1395 678 1468 gemuit?
703 1396 768 1468 quis
793 1413 852 1450 non
875 1395 945 1450 arsit
966 1396 1088 1457 dolore,
1114 1411 1199 1467 quem
1223 1394 1371 1450 immorta-

282 1473 357 1536 lem,
382 1472 406 1526 si
431 1471 495 1526 lieri
516 1484 621 1544 posset,
642 1488 741 1525 omnes
769 1483 925 1543 cuperent,
951 1472 1013 1524 eius
1036 1487 1072 1526 ne
1094 1470 1284 1524 neeessariam
1308 1472 1372 1543 qui.

241 1585 244 1594 ,
281 1547 348 1602 dem
371 1558 561 1619 exspectatam
588 1564 649 1602 esse
676 1547 821 1602 mortem?
852 1545 894 1600 ad
929 1547 1053 1628 Quint.
1080 1545 1164 1600 l'rat.
1194 1546 1236 1598 Π.
1260 1557 1286 1606 3.
1326 1549 1370 1603 Eo

213 1664 217 1679 .
281 1622 331 1678 die
356 1623 429 1679 Cato
452 1635 494 1679 est
511 1625 700 1677 vehementer
717 1623 748 1676 in
768 1623 939 1694 Pompeium
962 1623 1092 1677 invectus
1109 1633 1137 1676 et
1158 1639 1223 1678 eum
1237 1622 1373 1679 oratione

282 1711 423 1771 perpetua
444 1710 578 1772 tanquam
601 1716 684 1754 reum
704 1700 858 1754 accusavit.
879 1733 913 1742 -
953 1697 1116 1770 Respondit
1137 1698 1166 1752 ei
1185 1698 1374 1754 vehementer

210 1833 215 1840 ,
280 1776 453 1847 Pompeius,
478 1775 671 1847 Crassumque
693 1773 860 1848 descripsit:
888 1773 1016 1846 dixitque
1041 1784 1161 1844 aperte,
1186 1791 1216 1828 se
1237 1776 1373 1830 munitio·
1447 1775 1448 1802 ¹

281 1869 344 1906 rem
363 1849 401 1904 ad
419 1851 640 1905 custodiendum
663 1851 751 1905 vitam
771 1868 851 1904 suam
871 1849 952 1914 iore,
977 1867 1062 1923 quam
1082 1847 1236 1903 Africanus
1260 1849 1373 1918 fuisset,
1447 1863 1448 1872 ³

281 1945 367 2001 quem
396 1926 429 1980 G.
456 1925 554 1980 Carbo
580 1927 780 1980 interemisset.
812 1925 854 1980 de
880 1925 1006 1997 repub.
1034 1925 1057 1977 l.
1077 1935 1104 1988 9.
1150 1927 1220 1979 Nam
1249 1943 1312 1979 cnm
1340 1930 1375 1982 P.

210 2027 214 2036 ·
280 1993 436 2058 Africanut
454 2001 501 2056 lsie
518 2004 600 2056 Panis
621 2002 698 2057 filius
717 2001 801 2056 feriis
820 2002 928 2056 Latinis
945 2001 1089 2056 Tuditano
1109 2017 1188 2055 eona.
1206 2012 1235 2056 et
1254 2001 1375 2076 Aquilio
1447 2009 1448 2016 ’

254 2095 257 2102 ·
282 2080 477 2134 constituisset
500 2080 530 2131 in
551 2073 643 2134 laertia
668 2095 748 2146 esse,
778 2078 1053 2150 familiarissimique
1073 2077 1135 2131 eius
1163 2077 1199 2132 ad
1225 2096 1291 2132 eum
1316 2080 1374 2134 lre-

281 2165 406 2229 quanter
423 2165 482 2226 per
501 2168 552 2209 sos
571 2155 844 2209 dies'veutitsturos
865 2171 896 2208 se
917 2171 979 2208 esse
1004 2153 1159 2208 dixissentt
1182 2153 1292 2209 Latinis
1304 2156 1375 2227 ipsis

281 2247 366 2287 mane
385 2230 422 2284 ad
446 2246 511 2284 enm
536 2231 648 2302 primus
668 2231 780 2284 sororis
799 2231 876 2284 lilius
896 2231 987 2295 venit,
1026 2231 1060 2309 Q.
1079 2229 1207 2285 Tubero.
1227 2242 1263 2285 et
1282 2231 1374 2286 ibid.

280 2309 341 2363 Vl.
362 2314 416 2373 tt.
502 2323 536 2360 ae
555 2323 645 2378 quum
666 2305 799 2370 dixisset,
824 2307 886 2380 Ego
912 2324 1002 2369 vero,
1027 2307 1161 2378 inquam,
1187 2326 1207 2361 o
1226 2307 1375 2376 Africano,

281 2385 305 2438 si
327 2382 445 2456 quidem
493 2399 548 2437 ene
573 2381 686 2463 meritis
712 2381 749 2436 sle
777 2385 869 2454 patria
891 2383 971 2454 quaesi
998 2382 1083 2436 limes
1103 2381 1141 2436 ad
1169 2384 1241 2438 caeli
1262 2383 1373 2438 aditum

281 2469 377 2533 patet,
405 2477 599 2532 quamquam,
629 2458 791 2530 apneritia
817 2459 944 2530 vestigiis
967 2459 1112 2530 ingressus
1127 2460 1229 2530 patriis
1252 2471 1281 2514 et
1306 2462 1367 2526 tuis,

281 2535 383 2590 decori
399 2544 499 2590 vestro
517 2553 576 2588 non
604 2534 685 2588 delui
692 2552 702 2602 3
723 2552 800 2588 nune
821 2545 933 2598 mmen,
953 2545 1033 2590 tanto
1053 2533 1184 2604 praemio
1203 2538 1373 2608 proposito,
1449 2541 1450 2562 ¹

282 2613 376 2667 enitar
389 2612 482 2668 multo
501 2612 676 2684 vigilantius.
714 2611 751 2666 Et
771 2611 838 2675 ille,
858 2613 902 2664 Tu
916 2629 988 2663 vero
1008 2611 1131 2674 enitere,
1152 2621 1181 2666 et
1198 2612 1239 2665 sie
1255 2613 1375 2679 habeto,

281 2702 341 2742 non
367 2699 429 2742 esse
455 2699 483 2742 te
504 2686 674 2751 mortalem,
699 2685 751 2740 sed
769 2703 878 2760 eorpus
897 2687 967 2740 hoe:
988 2703 1043 2740 nee
1067 2685 1144 2740 enim
1163 2699 1194 2742 tu
1217 2705 1260 2750 es,
1286 2707 1375 2761 quem

281 2764 379 2819 forma
399 2763 452 2820 ista
477 2761 621 2828 declarat,
640 2762 691 2818 sed
715 2779 797 2818 mens
821 2763 961 2835 cuiusque
986 2761 1010 2816 is
1030 2775 1073 2816 est
1090 2762 1228 2836 quisque,
1255 2782 1315 2817 non
1340 2785 1376 2820 ea

231 2891 236 2902 ,
281 2841 390 2914 figure,
425 2857 499 2913 quae
531 2837 622 2914 digito
651 2837 843 2893 demonstrari
866 2850 971 2910 potest.
1022 2841 1115 2892 Deum
1133 2850 1164 2894 te
1191 2838 1279 2912 igitur
1300 2843 1375 2898 scito

282 2934 360 2972 esses
380 2914 543 2989 siquidem
564 2915 634 2969 deus
654 2925 707 2980 est,
726 2915 776 2987 qni
797 2914 886 2988 viget,
905 2916 956 2988 qui
976 2915 1071 2978 sentit,
1091 2915 1141 2987 qui
1161 2914 1302 2982 meminit,
1322 2917 1374 2990 qui

282 2992 440 3068 providet,
459 2991 510 3064 qui
531 3003 588 3046 tam
608 2991 683 3064 regit
708 3001 738 3045 et
763 2991 932 3046 moderatur
959 3003 987 3046 et
1013 3003 1112 3044 suovet
1131 2989 1161 3044 id
1181 3009 1305 3064 eorpus,
1326 2993 1375 3048 nui

282 3069 465 3144 praepositus
485 3077 543 3132 est,
577 3085 664 3140 quam
689 3067 765 3119 hune
794 3067 933 3122 mundum
955 3067 1005 3121 ille
1026 3067 1160 3138 princeps
1180 3065 1266 3121 deus:
1294 3081 1323 3126 et
1344 3081 1378 3126 nt

282 3145 421 3198 mundum
443 3161 477 3198 ex
496 3143 618 3216 quadam
639 3155 722 3216 parte
743 3145 895 3198 mortalem
916 3145 977 3215 ipse
997 3143 1068 3196 deus
1087 3153 1235 3208 aeternus,
1256 3145 1299 3198 sie
1319 3145 1377 3200 lra-

283 3220 341 3296 gile
361 3237 468 3292 eorpus
486 3221 600 3298 animus
629 3220 821 3291 sempiternus
846 3231 953 3274 inovet.
992 3220 1119 3274 Parad.
1141 3220 1198 3274 Vl.
1219 3229 1245 3278 2.
1275 3233 1377 3278 utrum

282 3315 387 3352 aurum
405 3295 576 3360 Samnitum,
597 3313 635 3350 au
653 3311 825 3367 responsum
844 3297 883 3350 Μ.
891 3295 995 3350 Curii?
1014 3294 1205 3350 hereditatem
1224 3297 1256 3352 1.
1269 3299 1378 3368 Paulli,

209 3397 212 3406 ¹
281 3371 545 3428 «inliberalitatem
566 3371 711 3436 Africani,
737 3373 788 3445 qui
808 3371 869 3426 eins
894 3371 1061 3427 hereditatis
1082 3373 1117 3451 Q
1138 3372 1263 3428 Maximo
1289 3373 1378 3430 iratri

283 3460 396 3522 partem
415 3465 495 3502 suam
526 3447 690 3502 concessit?
729 3448 773 3502 el.
799 3450 900 3502 Brut.
931 3456 984 3506 21.
1009 3445 1052 3502 ad
1083 3447 1180 3504 Lael.
1219 3477 1254 3490 -·
1294 3450 1376 3506 Liv.

208 3563 214 3569 -
282 3524 377 3597 Epis,
396 3523 430 3577 1..
468 3526 501 3579 Ρ.
523 3525 623 3596 Scipio
643 3523 830 3592 Aemilianus,
851 3543 940 3597 quum
959 3522 1135 3580 aedilitatem
1155 3537 1286 3597 peteret,
1306 3547 1379 3582 con-

283 3602 328 3656 sul
348 3618 365 3656 a
384 3601 496 3674 populo
516 3599 620 3664 dietus,
640 3600 776 3676 quoniam
797 3618 851 3672 per
870 3617 962 3654 annos
978 3602 1126 3655 consulem
1145 3601 1210 3656 lieri
1230 3619 1290 3658 nou
1311 3605 1377 3658 lice·

283 3677 344 3742 bat,
363 3695 429 3730 eum
450 3693 552 3748 magno
574 3675 731 3732 certamine
751 3677 933 3748 suffragantis
962 3675 1072 3748 plebis,
1101 3688 1131 3732 et
1148 3679 1376 3750 repugnantibus

284 3751 463 3826 aliquamdiu
491 3753 642 3819 Patribus,
683 3752 796 3826 legibus
825 3751 938 3808 solutus
977 3763 1006 3807 et
1038 3754 1141 3808 consul
1175 3766 1289 3810 oreatus
1323 3767 1377 3811 est.

208 3872 212 3882 .
285 3830 384 3884 Vall.
412 3830 483 3884 Pet.
510 3831 556 3884 11.
581 3836 609 3897 t.
668 3830 814 3884 Reversus
842 3828 873 3880 in
898 3828 1002 3882 urbem
1034 3829 1110 3884 intra
1134 3829 1225 3884 breve
1254 3842 1381 3904 tempos,

285 3904 385 3960 Manio
411 3903 561 3979 Aquinio,
594 3903 639 3964 ,G.
659 3904 837 3976 Sempronio
861 3905 943 3962 Coas-
961 3905 1067 3960 abhinc
1086 3922 1176 3960 annos
1206 3906 1281 3972 cu„
1312 3919 1382 3980 post

284 3981 361 4036 aluos
380 3979 554 4046 aemulatos,
566 3980 705 4054 duosque
725 3980 904 4050 triumphos,
924 3980 1018 4048 ethis
1042 3981 1151 4035 excisos
1171 3991 1302 4049 terrores
1322 3985 1383 4038 rei-

285 4057 438 4130 pablieae,
459 4075 541 4112 mane
562 4057 593 4112 in
613 4058 720 4112 lectulo
741 4067 875 4128 repertus
895 4069 938 4112 est
957 4069 1103 4120 mortuus,
1124 4057 1163 4110 ita
1183 4070 1216 4114 ut
1235 4059 1381 4132 quaedam

282 4134 422 4188 elisarum
443 4133 570 4189 laueium
596 4134 627 4188 iu
652 4134 767 4188 eorviee
797 4133 1000 4205 reperirentur
1024 4143 1120 4190 notae.
1160 4136 1204 4190 De
1223 4137 1294 4192 tanti
1320 4135 1382 4192 viri

284 4217 381 4280 morte
407 4211 488 4266 nulls
513 4209 609 4266 habita
635 4222 679 4266 est
704 4210 852 4282 quaestio:
882 4212 1002 4282 eiusque
1031 4226 1139 4282 eorpus
1163 4211 1263 4266 velato
1283 4213 1382 4284 eapite

286 4286 394 4342 elatum
414 4297 467 4352 est,
486 4287 568 4342 euius
587 4303 678 4358 opera
697 4303 786 4357 snper
811 4297 904 4342 totum
928 4297 1072 4341 temanum
1098 4287 1201 4343 orbem
1221 4287 1314 4345 Roma
1334 4306 1382 4343 ex·

286 4363 395 4436 tulerat
413 4374 512 4435 captat,
529 4377 580 4418 seu
597 4361 726 4428 iamlam,
755 4373 788 4417 ut
806 4363 922 4434 plures,
943 4379 993 4420 seu
1020 4362 1172 4423 conflatam
1197 4362 1328 4431 insidiis,
1349 4375 1385 4420 ut
