2896 5042
332 315 405 386 oa
444 315 731 395 autumna
770 317 894 414 cae.
934 333 992 405 ia.
1178 343 1229 432 ao

52 512 180 575 caecos,
207 513 291 578 quos
315 491 561 573 complexalest.
606 496 714 577 ltaque
741 493 924 574 ederuntut·
950 498 1022 576 fere
1043 499 1176 578 fastidio¹
1195 521 1233 576 et,

48 599 272 662 contumelia:
294 588 400 682 neque
424 597 594 684 quidquam
616 598 788 683 insipiente
803 585 1233 676 fortunato-iutueiabilius.
1318 611 1321 615 ’

52 683 135 766 fieri
159 719 278 788 potest
320 704 429 788 Atque
450 703 512 766 hoo
536 703 666 792 quidem
689 705 799 768 ridere
821 708 916 786 licet,
951 731 1027 785 eos,
1058 713 1112 798 qui
1134 731 1233 790 antea,

53 809 238 872 commodis
260 809 392 872 fuerunt
413 807 566 886 moribus,
590 809 739 894 imperio,
763 829 931 894 potestate,
946 817 1113 900 prosperis
1128 821 1230 887 rebus

57 914 242 990 immutari,
285 915 396 1000 sperni
428 916 467 978 ab
499 916 539 978 iis
561 932 690 980 veteres
719 917 891 994 amicitias,
937 920 1100 1007 indulgeri
1120 927 1224 992 novis.

59 1021 145 1114 Quid
165 1037 273 1084 autem
295 1021 431 1098 stultius,
455 1044 558 1108 quam,
582 1023 863 1108 quamplurimum
877 1026 992 1130 copiis,
1010 1029 1222 1110 facultatibus,
1242 1049 1283 1112 55

111 1209 147 1254 55.
178 1199 377 1247 commeta
405 1227 434 1238 -

276 1445 279 1452 ,
697 1431 706 1457 Ι

52 1485 247 1558 ueniantque
264 1484 292 1538 h.
313 1483 333 1538 l.
347 1481 405 1536 vim
426 1481 513 1538 habet
525 1481 621 1556 aequi·
651 1501 705 1556 gne
723 1484 835 1541 tractat.
868 1487 919 1543 Est
937 1487 1026 1562 igitur
1045 1506 1143 1545 sensus
1163 1492 1223 1546 loci

52 1561 227 1631 parativam.
266 1595 300 1606 -
359 1563 486 1612 Fortuna
516 1561 621 1618 caeca)
651 1561 692 1613 sic
711 1561 867 1615 emendati:
889 1565 954 1628 „isti
973 1566 1028 1619 sibi
1051 1567 1223 1638 quidemui·

57 1635 121 1688 Cir.
134 1637 239 1689 Pacuv.
259 1634 293 1690 ad
315 1635 444 1692 Horcon.
459 1636 497 1698 11,
513 1643 565 1696 23:
615 1649 618 1657 ’
648 1637 740 1713 Ιιτιίιυιι
761 1637 897 1713 quiddam
921 1654 1077 1712 assumunt,
1091 1644 1155 1696 aliis
1173 1661 1224 1698 au·

635 1723 710 1766 'tem
734 1713 807 1779 justa
833 1731 865 1768 ac
891 1715 976 1790 digna
1002 1735 1061 1770 non
1080 1719 1222 1784 tribuunt,

54 1791 208 1840 Fortunam
225 1789 346 1840 susanam
361 1807 413 1838 esse
434 1798 460 1839 et
480 1800 624 1840 caecamet
652 1787 784 1860 adeoque
813 1807 915 1846 eorum
943 1792 1074 1865 dignitati
1111 1793 1223 1866 aliquid
1297 1831 1311 1867 ,ι

168 1865 272 1917 brutum
284 1864 425 1936 perhibent
439 1863 605 1935 philosophi,
653 1863 815 1918 detrabunt.
847 1867 915 1920 ·De‘
928 1885 985 1940 qua
1012 1869 1094 1923 vocis
1126 1885 1223 1924 contu·

53 1941 180 2015 Saxaque
198 1943 271 1992 illam
292 1944 396 1992 instare
413 1940 528 2012 globoso
543 1959 624 2012 prae·
652 1942 731 2013 melia
757 1941 966 2013 significatione
1005 1944 1060 2000 eiu
1079 1945 1230 2008 aid-Brut..

167 2017 262 2069 dicant
278 2015 433 2068 volubilem:
651 2018 675 2079 l,
699 2023 752 2074 16:
774 2037 858 2091 neque
877 2040 991 2092 usquam
1010 2025 1084 2076 exsti!
1098 2043 1150 2074 esse
1159 2043 1223 2094 pos·

53 2091 119 2144 ldeo
134 2112 187 2164 quo
200 2111 296 2144 saxum
308 2091 442 2162 impulerit
446 2088 522 2160 sors,
543 2089 623 2143 cade·
651 2093 789 2156 sum,dum
808 2099 908 2148 servire
928 2109 952 2148 ct
969 2101 1032 2169 pati
1049 2112 1223 2150 coeatume·

169 2187 199 2218 re
216 2187 247 2218 eo
258 2167 396 2233 fortunam
414 2178 565 2217 autumant.
651 2170 720 2220 lius
754 2172 831 2241 pejus
869 2172 953 2234 odero
987 2174 1064 2224 mulis
1100 2175 1223 2228 omnibus

55 2246 173 2312 Caecum
186 2242 292 2294 ob'cam
305 2261 357 2294 rem
372 2261 421 2294 esse
437 2245 623 2314 aterqut,quia
652 2245 730 2310 uliis;
765 2255 795 2298 et
824 2244 904 2300 Caes·
930 2247 1003 2306 Bell,
1026 2247 1089 2302 Civ-
1115 2249 1145 2312 l,
1165 2257 1230 2310 282·

173 2317 245 2370 nihil
254 2330 355 2382 cernat,
367 2336 416 2390 quo
431 2337 485 2372 sese
498 2321 621 2390 applicet.
652 2317 825 2372 Brundusiui
853 2325 1079 2393 Pompcjanorum
1103 2325 1229 2380 militum,

580 2417 582 2424 ’
652 2399 761 2467 iujuriis
781 2410 862 2470 atque
888 2399 982 2469 ipsius,
995 2401 1116 2472 Poupq'i
1141 2418 1220 2454 cou-

42 2468 168 2542 sastidio
194 2481 221 2521 et
240 2469 423 2534 coutumacia)
438 2467 622 2540 Valdemihi
651 2473 806 2525 tumeliia
835 2477 953 2544 permoti
988 2477 1111 2528 Caesaris
1142 2477 1220 2532 rebus

48 2543 161 2599 arridet
180 2541 270 2597 lectio
291 2543 343 2599 Ed.
365 2554 423 2600 vet.
449 2547 621 2611 contumelia,
642 2547 789 2619 flatabant.
819 2579 862 2612 ¹—
893 2551 967 2623 fieri
983 2553 1087 2622 potest)
1102 2551 1172 2624 fieri
1189 2550 1229 2611 hp,

49 2639 134 2694 quam
148 2639 204 2692 pro
223 2623 395 2674 contumacia
408 2617 556 2676 adnotavit
569 2639 620 2676 nu·
651 2621 669 2676 l.
691 2622 861 2678 insolentius
890 2625 940 2680 sed
961 2643 1027 2678 oum
1051 2625 1082 2694 pi
1101 2625 1228 2687 adhibi,

10 2739 13 2748 ,
48 2697 246 2768 pechierus.
286 2695 506 2772 Primpmenitn
523 2712 619 2752 muru·
647 2709 707 2753 tum
730 2711 776 2758 est
798 2717 854 2770 pro
876 2700 1038 2764 solitailla
1055 2713 1219 2762 structura:

52 2779 138 2826 nausia
160 2771 196 2828 do
216 2791 251 2826 eo
272 2767 444 2844 usurpatur,
464 2772 514 2844 qui
535 2790 618 2844 supe·
647 2795 732 2848 neque
741 2777 926 2848 fiaripotest,
946 2779 1144 2850 nequidquam
1162 2788 1218 2832 etc.

52 2849 179 2902 rioribus
192 2846 465 2920 potentioribusque
485 2849 533 2904 vel
558 2867 625 2920 non¹
647 2883 682 2896 -
706 2856 802 2924 ¹satique
820 2853 871 2904 hoc
892 2853 1012 2924 quidem)
1027 2858 1119 2925 Atque
1131 2869 1223 2923 saepe.

54 2923 147 2986 cedit,
166 2925 211 2978 vel
229 2925 369 2980 adversus
389 2942 439 2978 eos
460 2923 618 2980 insolenter
645 2943 768 2980 numero
787 2926 954 2997 punitorio
980 2928 1156 3000 argumentis
1175 2926 1228 2981 aaa

50 3015 81 3053 se
102 3000 196 3072 gerit,
216 3012 247 3054 ut
266 3001 303 3055 ad
322 3001 448 3054 Herenn.
476 3000 533 3065 IV,
560 3009 616 3068 ao:
647 3002 795 3066 serendis,
823 3013 852 3058 et
882 3001 1229 3071 inpcbutmuiversem.

47 3079 78 3130 in
96 3081 246 3149 superiores
272 3091 478 3142 contumax,
518 3081 547 3131 iu
574 3097 618 3130 ae·
646 3077 815 3133 seutentiam
829 3077 1060 3146 illustrantibus3
1077 3079 1132 3151 qui
1148 3095 1218 3137 utut

47 3173 114 3225 quos
134 3167 161 3205 et
177 3174 258 3228 pares
268 3150 445 3224 fastidt‘osus,
463 3147 617 3222 t'ta'inserio-
646 3154 731 3222 hujus
756 3153 914 3225 particulae
933 3155 988 3212 boc
1013 3154 1131 3226 quidem
1149 3156 1226 3214 loeo.

46 3247 86 3280 res
106 3231 235 3295 crmlelis,
256 3231 370 3302 denique
390 3231 419 3282 in
439 3247 528 3282 omues
547 3231 619 3282 iuto·
646 3231 733 3284 valet.
791 3230 1052 3292 Similem.·loeuur
1078 3230 1217 3286 hebemus

46 3295 172 3358 lirabilis.
219 3303 281 3358 cfr.
306 3305 374 3360 item
400 3307 483 3358 Tusa.
511 3305 541 3369 l,
561 3314 617 3365 25:
647 3303 723 3358 iusta
736 3323 760 3358 c.
782 3315 824 3368 19·
844 3303 867 3372 i·
881 3311 927 3366 68·
966 3309 1026 3358 Hoc
1047 3307 1163 3379 quidem,
1183 3305 1220 3364 id

49 3382 171 3434 Socrates
205 3383 329 3435 adhibuit
363 3383 474 3435 liberam
501 3395 618 3436 eontu-
647 3393 699 3446 est,
713 3384 867 3454 hocipsum,
877 3390 977 3436 nostro
995 3382 1061 3436 loeo
1071 3381 1199 3435 abundet
1206 3397 1217 3448 3

49 3460 193 3510 euticium
215 3478 233 3510 a
252 3459 442 3528 hauguitudiue
462 3461 549 3511 animi
567 3459 617 3510 du·
646 3457 746 3529 dirigit
772 3467 868 3512 eutem
894 3456 1083 3514 attentionem
1106 3455 1145 3511 ad
1173 3474 1216 3511 ee·

46 3545 127 3595 ctam,
147 3553 235 3586 uuita
254 3535 387 3605 supet-bia.
427 3534 518 3623 Quam
535 3534 616 3586 vocis
645 3534 782 3606 quentia,
803 3533 856 3586 osr.
884 3549 971 3606 supra
998 3550 1023 3588 e.
1053 3544 1078 3594 5.
1103 3531 1127 3601 §·
1160 3541 1215 3592 173

42 3623 162 3662 cantum.
174 3609 413 3682 significationem
432 3627 454 3663 si
476 3609 613 3678 tenueris,
642 3611 691 3662 sed
712 3611 764 3663 hoc
783 3612 900 3681 primum
926 3610 1012 3662 santio
1039 3619 1110 3676 eto.;
1140 3617 1170 3665 et
1188 3623 1214 3660 e.
1294 3660 1295 3669 ,

43 3684 100 3751 jam
124 3685 278 3758 intelliges,
300 3685 474 3760 maleljungi
495 3685 550 3740 h.l.
563 3687 616 3758 fa·
644 3695 670 3746 7.
692 3683 716 3753 t.
736 3687 884 3756 visualia
903 3687 935 3738 id
952 3686 1059 3760 quidem
1083 3695 1138 3742 eta·
1177 3713 1214 3728 -··

43 3760 155 3814 stidium
177 3773 202 3814 et
227 3765 415 3828 consummat,-
442 3779 507 3816 nam
535 3763 616 3830 fasti·
635 3762 757 3834 suerunt
775 3763 886 3829 morib.)
908 3761 969 3816 Cfr.
989 3761 1101 3831 Zumpt·
1115 3759 1167 3813 Gt·-
1189 3776 1216 3812 e.

46 3836 116 3888 diost
154 3847 222 3890 sunt
251 3837 281 3889 in
311 3853 395 3910 pares
429 3849 459 3892 et
492 3853 615 3910 acquos;
645 3841 699 3898 78.'
716 3835 738 3904 §-
768 3846 832 3896 550·
870 3863 905 3875 —
956 3838 1116 3908 apuniqite)
1142 3835 1215 3890 Nam

45 3926 216 3965 contumaces
230 3917 334 3978 autem,
353 3923 385 3966 ut
398 3913 565 3976 monstravi,
587 3912 616 3966 iu
643 3923 758 3982 ueteres
776 3912 884 3968 amieos
899 3927 960 3965 uon
978 3911 1223 3987 putautamplius·

41 3987 228 4058 superiores3
249 3987 328 4062 quod
349 3987 466 4060 insuper
489 3985 616 4044 alienum
643 4007 728 4064 pares
745 3987 812 4044 sibi.
895 4015 901 4050 ς
976 4037 990 4048 ,,
1078 4037 1080 4044 .
1197 4017 1199 4025 v

39 4061 156 4117 abhoc
188 4063 265 4118 loco.
312 4061 491 4118 Amicissime
518 4075 614 4120 autam
656 4089 675 4117 .’
979 4101 982 4112 =
1216 4097 1221 4122 ι

38 4138 227 4196 concordant
244 4133 333 4195 voces
344 4142 495 4213 fastidium
508 4154 533 4193 et
547 4160 613 4198 aaa·
679 4140 705 4211 t.
727 4150 772 4202 55.
812 4139 912 4212 copiis,
932 4139 1131 4210 facultatibus,
1154 4141 1214 4211 opi·

36 4219 163 4268 eumelio.
213 4218 338 4270 Fastidio
360 4217 435 4270 enim
456 4215 506 4290 qui
529 4215 614 4270 effer·
644 4213 705 4287 bus)
725 4221 728 4229 '
745 4211 1213 4287 Synonyma'suatdivitiassigai-

35 4303 98 4356 tur,
120 4291 195 4345 alios
220 4309 250 4346 se
270 4309 330 4346 nou
348 4292 455 4366 dignos
476 4301 566 4364 putat,
575 4302 614 4346 at·
643 4291 766 4348 ficautia.
805 4294 871 4345 Vox
886 4295 979 4350 copias
997 4291 1213 4364 autemtuagui·

35 4384 97 4440 que
120 4365 204 4440 quasi
216 4368 373 4441 profanum
393 4371 496 4440 vulgus
514 4365 616 4424 oditet
643 4367 794 4438 tudinem,
824 4367 977 4438 facultates
1012 4382 1115 4432 usum,
1153 4385 1221 4438 opes·

34 4453 138 4511 arcet3
151 4443 522 4528 qui'eotuumeliaffieteros
541 4441 616 4500 indi·
644 4445 856 4523 possessionem
884 4439 1053 4504 divitiarum
1087 4443 1214 4500 denotat.

1039 4528 1065 4599 lt
