2878 5042
198 323 250 397 m
496 351 528 379 2
601 309 954 406 staurus

174 485 348 554 .discindi,·
365 483 788 558 sed-pstillatimrcmissione
813 483 1029 542 consuetudinis
1035 501 1046 554 3
1071 481 1229 558 caverique
1253 495 1372 554 monet,

108 653 112 658 Ι
199 608 236 646 ne
256 583 373 663 qusimo
392 584 423 638 in
446 585 611 646 inimicitias
634 565 855 642 seconvortant
876 583 1028 657 amicitiae.
1066 586 1142 639 Istus
1166 595 1263 640 autem
1293 585 1372 640 cala·
1430 653 1431 666 χ

198 687 307 749 mitstis
324 686 486 750 harceias
512 684 731 756 provisionem,
756 703 793 738 ne
816 683 901 740 nimis
927 683 985 737 cito
1011 679 1113 754 diligas
1137 699 1212 738 neve
1240 701 1301 739 non
1329 683 1374 740 di·
1429 705 1431 726 ι

198 803 282 864 gnos.
319 782 467 843 Describit
484 793 579 840 autem
598 783 664 848 veri
685 782 781 850 amici,
803 782 898 857 qualis
918 780 965 848 sit,
989 780 1150 855 imaginem.

320 1036 406 1097 xxi.
448 1033 508 1095 Est
535 1031 630 1094 etiam
660 1032 752 1114 quasi
780 1031 935 1116 quaedam
963 1027 1123 1093 calamitas
1154 1026 1188 1090 in
1217 1028 1370 1093 amicitiis
1429 1095 1431 1140 t

156 1219 160 1227 .
197 1132 396 1208 dimittendis
423 1157 652 1222 nonnunquam
682 1138 883 1200 necessarias
918 1139 982 1200 iam
1011 1137 1095 1200 euim
1124 1158 1142 1198 a
1173 1135 1371 1218 sapientium
1429 1189 1431 1200 .

194 1225 465 1314 familiaritatibus
493 1243 534 1305 aa
564 1243 715 1331 vulgares
743 1243 899 1306 amicitia.
929 1218 1032 1305 olatio
1054 1255 1165 1302 ..osea
1193 1241 1369 1305 delabitur.
1427 1201 1431 1300 i

136 1343 169 1372 ‘⁸
194 1359 379 1438 Erumpunt
399 1369 496 1432 saepe
518 1349 595 1413 vitia
617 1348 790 1413 amicorum
812 1364 880 1412 tum
901 1348 935 1408 in
956 1345 1045 1427 ipsos
1067 1346 1206 1423 amicos,
1221 1341 1310 1411 ”tum
1332 1348 1370 1412 in
1429 1345 1431 1462 l

193 1461 338 1534 alienos,
386 1477 523 1542 quorum
544 1469 650 1518 tamen
671 1455 710 1518 ad
733 1455 851 1517 amicos
883 1451 1044 1515 redundet
1064 1453 1204 1514 infamia.
1266 1455 1370 1518 Tales
1430 1465 1431 1488 ¹

192 1566 292 1651 igitar
313 1563 566 1628 amicitiaesant
585 1562 778 1626 remissione
800 1581 875 1622 usus
897 1557 1054 1620 eluendae
1073 1572 1127 1633 et,
1153 1573 1189 1622 nt
1210 1562 1371 1624 Catonem

192 1672 304 1736 dicere
319 1670 444 1752 andivi,
469 1668 661 1732 dissuendae
675 1668 788 1751 magis,
811 1687 904 1752 quam
917 1664 1165 1744 discindendae3
1186 1664 1252 1729 nisi
1265 1687 1371 1752 quae.

183 1775 267 1868 *dam
290 1773 462 1838 admodum
483 1774 697 1852 intolerabilis
719 1774 837 1836 iniuria
860 1773 1027 1847 exarserit,
1048 1786 1083 1835 ut
1111 1793 1218 1857 neque
1241 1788 1370 1837 rectum

191 1901 299 1967 neque
319 1879 487 1944 honestum
507 1879 548 1944 sit
577 1898 638 1940 neo
666 1878 749 1942 fieri*
767 1879 886 1962 possit,
917 1892 953 1942 ut
979 1900 1045 1940 non
1078 1877 1188 1954 statim¹
1212 1879 1370 1944 alienatio

134 1999 176 2060 77
195 1986 434 2073 disiunctioque
456 1985 604 2049 iacienda
625 1985 677 2049 sit.
732 1986 790 2049 Sin
819 1999 923 2048 autem
956 2006 1080 2049 morum
1101 1999 1154 2048 aut
1184 1986 1370 2050 studiorum
1430 2039 1431 2062 ,

108 2127 112 2136 .
193 2092 396 2156 commutatio
417 2091 584 2177 quaedam,
606 2106 642 2155 ut
660 2087 734 2151 fieri
755 2090 857 2164 solet,
890 2089 973 2154 iacta
1007 2085 1080 2166 erit,
1104 2107 1158 2188 aut
1180 2092 1214 2154 iii
1235 2093 1285 2155 rei
1305 2115 1370 2178 pu-
1430 2069 1431 2108 ³

190 2197 296 2272 blicae
318 2199 463 2280 partibus
487 2197 646 2260 dissensio
667 2195 892 2260 intercesserit
911 2232 955 2245 -
975 2198 1095 2281 loquor
1118 2199 1306 2276 animiam,
1328 2215 1368 2264 ut

189 2303 299 2424 papllo
322 2318 395 2366 ante
417 2304 494 2378 dixi,
516 2325 581 2366 non
604 2303 645 2366 de
668 2304 875 2385 sapientium,
899 2301 1019 2365 sedda
1042 2305 1260 2390 communibus
1282 2306 1366 2366 ami-

189 2409 276 2474 citiis
296 2445 338 2460 -
361 2410 537 2474 cavendum
557 2411 630 2488 erit,
651 2429 693 2472 ne
713 2430 779 2472 non
802 2408 907 2471 solum
928 2408 1087 2474 amicitiae
1109 2409 1280 2493 depositae,
1298 2410 1367 2473 sed

193 2591 615 2613 *un——

1429 2681 1430 2708 l

224 2736 250 2811 §.
269 2744 314 2801 76.
335 2753 391 2794 tum
413 2721 460 2794 ab.
483 2737 517 2792 E.
539 2757 569 2795 v.
590 2739 628 2796 V·
651 2757 689 2794 in.
708 2739 743 2794 R.
765 2747 793 2798 2.
809 2737 845 2794 G.
866 2770 901 2784 -
923 2757 1005 2814 quum
1028 2737 1107 2798 c.1..
1126 2739 1158 2794 P.
1178 2745 1247 2799 Μ.
1267 2738 1302 2791 Β.
1323 2765 1362 2778 -
1429 2759 1430 2828 q

303 2815 443 2872 redundat
461 2814 496 2869 E.
516 2815 550 2869 R.
578 2846 614 2861 -
652 2816 676 2887 §.
697 2824 791 2876 77.-
807 2819 918 2878 aut[i'n]
933 2837 957 2869 r.
981 2836 1009 2888 p.
1030 2817 1172 2888 [paenitus]
1192 2816 1254 2870 diss.
1273 2815 1360 2867 B.-

303 2908 361 2946 om.
379 2895 409 2944 t'n
422 2893 457 2950 E.
475 2911 515 2940 =
534 2893 613 2946 etium
639 2896 668 2946 in
686 2889 733 2944 ab.
750 2891 784 2944 E.
813 2896 853 2942 Ν
876 2891 932 2947 del.
952 2897 1032 2946 etiam
1057 2893 1089 2946 B.
1112 2924 1147 2938 -
1163 2897 1248 2963 gravi
1260 2906 1361 2946 aucto·
1429 2849 1430 2940 i

276 3037 279 3044 ἦ
302 2969 386 3022 ritate
404 2967 435 3022 b.
449 2967 535 3040 proh.
550 2968 616 3024 Seli.
634 2967 716 3024 Idem
735 2983 812 3040 susp.
832 2988 884 3023 ι-
916 2967 1065 3042 offensione
1086 2969 1170 3024 amici
1181 2989 1238 3024 non
1254 2989 1280 3024 a.

227 3141 345 3198 dxxi.
387 3142 410 3213 i.
425 3148 474 3204 764
510 3146 592 3219 quari
608 3144 757 3218 quaedam)
785 3155 864 3200 recto
893 3143 1007 3200 monuit
1026 3142 1146 3208 Baian,
1169 3139 1361 3199 exardescere

189 3215 253 3274 etr.
273 3219 386 3291 Zumpt.
403 3220 456 3276 Gr.
470 3237 495 3274 c.
509 3226 555 3287 84·
575 3217 598 3288 §-
615 3221 757 3280 tonum
786 3219 895 3276 dicitur
919 3220 969 3286 sic,
989 3217 1212 3275 assumendam
1231 3219 1361 3291 accipia-

189 3311 248 3350 vox
264 3298 408 3350 aahmitas
424 3296 461 3352 (le
482 3306 651 3368 tempestate
666 3295 758 3370 frugi·
785 3307 834 3352 tui·
858 3313 913 3369 pro
926 3296 1139 3370 consequente,
1153 3296 1173 3350 i.
1186 3313 1212 3350 e.
1225 3295 1364 3366 indigna-

187 3367 244 3424 bus
264 3371 428 3442 peruiciosa
440 3372 562 3444 proprie
577 3370 700 3437 dicitur,
726 3383 759 3428 ut
786 3377 859 3429 tione
876 3391 905 3427 v.
931 3375 1026 3427 dolore
1044 3389 1080 3426 cx
1100 3372 1206 3441 injuria
1226 3383 1364 3443 accepta.

188 3441 661 3512 Vorr.111.98:Dtxa·-raiiomm
673 3469 758 3502 aran·
786 3481 822 3494 -
861 3469 910 3503 riae
931 3463 1032 3502 rectum
1046 3479 1080 3492 -··
1099 3466 1185 3524 neque
1202 3449 1363 3520 hanutum)

187 3521 372 3595 dispsmagis
391 3536 416 3576 et
429 3524 607 3598 jucunditate
625 3525 756 3597 quadan,
791 3520 811 3579 i.
841 3541 866 3579 e.
892 3524 1044 3589 vitiosum,
1078 3533 1107 3580 el
1135 3535 1230 3596 turpe.
1282 3524 1363 3580 Nam
1428 3523 1429 3540 ¹

187 3615 271 3672 quam
281 3599 384 3670 fructu
404 3601 671 3672 atquaemolumcntc
684 3613 762 3654 cane·
790 3615 892 3656 reatuin
913 3601 1074 3672 opponitur
1095 3603 1159 3655 vitio
1183 3600 1244 3655 sive
1262 3606 1362 3668 pravi·

187 3677 225 3730 η’.
263 3677 371 3728 Etenim
398 3677 438 3728 aii
460 3677 592 3730 incertum
618 3694 709 3730 casum
736 3689 761 3730 et
787 3679 850 3731 tati.
888 3704 924 3717 -
963 3679 1125 3753 nequefieri
1136 3681 1229 3750 possit,
1244 3681 1362 3748 utnon)

187 3764 312 3804 eventum
346 3765 436 3804 certus
460 3755 610 3826 quotannis
634 3754 715 3806 lclor
734 3765 759 3805 ct
787 3767 818 3805 ut
836 3772 893 3808 non
914 3753 943 3807 h.
962 3753 981 3807 1.
1002 3772 1057 3826 pro
1085 3758 1152 3828 quin
1175 3751 1362 3826 cir.¹Zumpt.

187 3838 278 3880 certus
304 3839 407 3880 sumtus
432 3827 605 3900 impenditur.
637 3835 759 3882 Annona
786 3828 838 3884 Gr.
866 3845 891 3884 e.
916 3839 962 3892 78.
993 3830 1016 3901 5.
1045 3841 1109 3894 539.
1148 3861 1183 3874 ·-
1224 3831 1361 3886 aa'mario
1427 3861 1428 3870 ι

185 3918 284 3973 porro·
296 3905 427 3974 pretium,
467 3904 521 3958 nisi
546 3905 576 3956 in
601 3907 756 3960 calamitate
784 3901 1000 3982 disjunctioquc)
1027 3909 1156 3961 alienatio
1183 3920 1222 3958 sc.
1236 3948 1238 3958 .
1254 3903 1362 3972 enimi,
1427 3947 1428 3960 .

179 3975 338 4048 fructuum,
358 3979 521 4034 nonhabet.
560 4008 596 4022 —
636 3983 666 4038 t'n
686 3982 756 4052 a'psos
785 3983 931 4057 da'sjuncu'o
949 3995 1046 4039 autem
1062 3980 1213 4036 amicitiae·
1233 4007 1268 4025 ···
1300 3983 1362 4054 fia·

186 4054 255 4119 am.)
273 4054 475 4128 hortamine
493 4055 520 4109 li.
534 4055 554 4110 l.
572 4055 754 4130 significat-
785 4059 883 4114 cienda
906 4061 962 4127 sit)
1001 4055 1177 4131 pleonsstice
1201 4067 1268 4128 post
1285 4059 1364 4128 fieri

183 4125 269 4192 utita
288 4126 381 4183 dicam
396 4132 606 4198 —imrnedt'nta
634 4133 756 4204 opponi·
781 4149 878 4208 potest,
898 4147 931 4191 ut
949 4135 1020 4190 alibi
1042 4144 1109 4206 post
1132 4146 1225 4194 nutat,
1250 4135 1360 4208 reliqu·

183 4210 290 4276 tuaque
310 4206 498 4279 sequentibus
512 4227 627 4283 quorun
645 4223 754 4264 tam.-
783 4231 827 4266 un
839 4226 877 4267 en
887 4211 1180 4284 Porticip.Fut.Pass.
1194 4208 1359 4266 invenitur.

167 4307 221 4338 ,·-
236 4281 370 4336 redundet
383 4284 435 4354 ins.
457 4312 491 4326 -
532 4297 621 4340 tamen
633 4285 677 4340 cd
688 4289 754 4354 am.)

184 4367 275 4411 tanen
294 4356 322 4411 li.
335 4357 354 4412 l.
370 4357 448 4414 idem
461 4362 549 4427 valet,
566 4359 648 4434 quod
673 4376 753 4416 certe.
819 4360 843 4432 i.
865 4363 911 4426 77.
949 4381 983 4416 ne
1002 4382 1059 4416 non
1080 4365 1165 4418 solun
1180 4359 1248 4424 etc.)
1274 4359 1356 4416 Gon-

183 4461 219 4478 -
257 4435 363 4508 injuria
389 4439 542 4510 uerterit)
572 4439 695 4511 injuria,
720 4449 753 4498 ui
780 4438 869 4511 junci.
890 4459 925 4496 nc
941 4435 1184 4516 tdvconuqueut
1206 4435 1291 4499 mam
1303 4455 1356 4496 το-
