2930 5046
127 805 129 809 Ι
169 799 239 886 Lae

62 265 65 270 Α
172 313 244 398 scu
461 251 649 391 'must
699 310 1033 434 mercaturis

245 783 455 894 namtas.
481 835 507 884 1.
528 825 552 896 t.
567 825 640 896 us.
663 791 733 894 ai.
761 781 897 880 essm
926 821 998 878 orr.
1018 822 1043 890 1,
1065 831 1111 884 ω.
1131 821 1162 877 tn
1180 821 1213 878 c.
1231 820 1337 877 naono

246 905 336 962 multa
349 902 496 970 hilaritas,
515 903 546 956 iu
565 901 627 958 eius
640 899 777 966 familiari
796 899 933 972 Scipione
950 899 1070 954 ambitio
1082 899 1186 965 maior,
1207 898 1268 954 vita
1283 899 1338 954 tri-

247 975 579 1051 stier32dellepub.1,
602 986 646 1043 η.
685 978 767 1054 Quos
788 991 853 1036 cum
867 975 961 1031 omnis
981 975 1168 1040 salutavisset,
1188 974 1339 1030 convertit

195 1111 197 1119 ,
237 1056 333 1124 ,emin
354 1055 472 1128 porticu
501 1067 536 1110 et
549 1052 675 1121 coniecit
692 1055 722 1106 in
738 1050 865 1106 medium
883 1051 1029 1106 Laelium:
1053 1051 1110 1106 fuit
1129 1050 1206 1106 euim
1224 1051 1280 1107 hoc
1304 1051 1338 1104 in

245 1132 372 1198 armcitia
390 1131 472 1204 quasi
489 1128 635 1203 quoddam
647 1129 691 1182 ius
704 1128 781 1182 inter
798 1128 874 1192 illos,
884 1139 917 1182 ut
935 1127 1053 1182 militiae
1066 1138 1188 1199 propter
1201 1127 1337 1182 eximiam

190 1265 192 1273 ,
245 1209 467 1280 habitabilem,
501 1205 670 1275 Africapum
697 1201 840 1276 utvdeum
861 1204 971 1258 coleret
994 1203 1123 1280 Laeliusj
1148 1202 1227 1256 domi
1249 1205 1338 1258 vicie·

196 1323 199 1332 .
212 1321 215 1326 -
247 1286 301 1338 sim
324 1285 463 1344 Laelium,
489 1283 569 1356 quod
581 1292 677 1338 ¹aetate
690 1278 888 1344 antecedebat,
902 1280 1073 1349 obseruaret
1084 1279 1114 1332 in
1125 1280 1252 1350 parentis
1265 1281 1337 1335 loco

225 1511 378 1580 venirem„
400 1523 547 1582 etqpaene
567 1510 697 1564 divinum
720 1507 816 1577 domi3
845 1508 926 1562 cuius
951 1508 1083 1563 oratione
1102 1518 1138 1578 ¹et
1160 1509 1337 1580 praeceptis,
1452 1503 1453 1524 ¹

247 1360 375 1432 scipta(
396 1361 468 1431 l'ro
493 1360 583 1413 Mur.
602 1368 661 1426 ¹51.
705 1353 911 1413 Huiuscemodi
945 1355 1044 1427 Scipio
1068 1355 1119 1410 ille
1150 1354 1221 1419 tuit,
1244 1374 1337 1429 quem

246 1435 490 1507 nonpoeuitebat
507 1434 604 1490 facere
625 1433 717 1499 idem,
745 1430 825 1504 quod
844 1443 891 1487 tut
916 1432 1026 1486 hahere
1046 1430 1269 1486 eruditissimum
1284 1434 1336 1486 he-

248 1605 430 1660 quamquam.
445 1598 527 1642 eraut
547 1586 647 1642 eadem
672 1585 740 1650 ista,
766 1601 841 1656 quae
855 1594 884 1638 te
903 1582 1073 1648 delectam,-
1085 1594 1181 1638 tamen
1201 1585 1341 1656 asperior

246 1681 307 1720 uon
324 1664 497 1732 restitutus,
517 1663 568 1717 sed
581 1665 635 1733 ⁴(uty
647 1660 747 1732 accepi
765 1677 782 1714 a
799 1659 929 1727 senibus)
953 1659 1124 1714 leuissimus.
1170 1661 1240 1740 Quis
1260 1677 1336 1716 vero

247 1740 286 1794 G..
293 1740 393 1806 Laelio
413 1739 547 1796 comior?
565 1739 630 1811 quis
644 1735 808 1802 iucundior,
828 1735 932 1790 ecdem
948 1735 1092 1792 eustadio
1108 1735 1183 1796 istc?
1200 1737 1265 1810 quis
1280 1737 1336 1792 illo

239 1816 387 1888 ,graviori
405 1815 601 1887 sapientior?;
623 1811 741 1878 Off-l,
773 1818 825 1872 26.
863 1807 935 1866 Nam
950 1821 984 1867 ut
1002 1810 1137 1867 adversas
1152 1828 1215 1879 res,
1236 1814 1337 1868 siese-

247 1890 362 1946 cuudas.
376 1890 566 1946 immoderate
590 1889 681 1953 ferre,
702 1888 827 1942 levitatis
853 1899 914 1942 ests
937 1889 1145 1961 praeclaraque
1165 1900 1209 1944 est
1229 1907 1336 1962 aequa·
1452 1917 1453 1920 ¹

245 1967 345 2028 bilitas
357 1967 394 2034 ,iu
410 1967 492 2036 ,omni
505 1966 574 2030 ¹vita,
594 1969 623 2021 e't
644 1962 722 2019 idem
739 1980 854 2038 semper
870 1965 982 2028 vultus,
1003 1963 1160 2036 eademque
1180 1963 1278 2031 frons,
1300 1978 1338 2022 ut
1452 1987 1453 1996 ¹

247 2042 286 2098 de
303 2044 435 2106 Socrate,
454 2044 580 2114 itemque
599 2041 635 2096 de
664 2040 702 2094 C..
722 2039 823 2096 Laelio
841 2039 1012 2113 accepimus.
1034 2040 1124 2095 ibid.
1151 2041 1202 2108 11,
1230 2053 1280 2102 11.
1306 2055 1339 2099 et

245 2119 482 2184 multomaiores
507 2119 658 2174 Viriathus
679 2116 850 2172 Lusitanus:
871 2116 919 2170 cui
938 2115 1056 2190 quidem
1082 2117 1168 2172 etiam
1192 2115 1338 2175 exercitus
1452 2159 1453 2164 κ

246 2196 340 2250 nostri
359 2195 607 2271 imperatoresque
626 2203 790 2249 cesserunt:
811 2210 896 2266 quem
915 2194 948 2248 C.
963 2193 1087 2266 Laelius,
1105 2193 1140 2260 is,
1158 2194 1209 2268 qui
1221 2196 1339 2268 sapiens

215 2330 218 2347 ,
245 2281 568 2344 usurpatur,‚praetor
587 2270 675 2342 fregit
707 2280 735 2325 et
757 2268 941 2339 comminuit3
964 2270 1065 2326 Brut.
1091 2279 1142 2331 21.
1181 2273 1225 2326 De
1245 2273 1337 2344 ipsius

246 2347 340 2402 Laelii
358 2359 387 2402 et
406 2347 552 2420 Scipionis
572 2346 706 2422 iugenio,
729 2362 901 2417 quamquam
917 2363 950 2400 aa
964 2346 1026 2418 iam
1040 2357 1083 2401 est
1099 2346 1211 2420 opinio,
1225 2360 1257 2406 ut
1271 2351 1338 2421 plu-

170 2475 174 2488 ,
246 2423 354 2488 rimum
372 2423 519 2493 tribuatur
536 2423 678 2494 ambobus
684 2441 693 2491 ς
715 2419 828 2476 dicendi
846 2433 941 2476 tamen
963 2423 1025 2476 laus
1036 2433 1086 2477 ,est
1107 2423 1137 2477 in
1153 2422 1252 2480 Laelio
1268 2427 1337 2482 illu-

171 2553 174 2562 ,
247 2499 345 2566 atrior.
384 2499 533 2568 At‚oratio
558 2499 648 2554 Laelii
669 2499 705 2552 de
725 2497 855 2570 collegiis
867 2516 926 2551 non
940 2497 1055 2564 melior,
1069 2516 1155 2572 quam
1173 2499 1208 2554 de
1227 2503 1337 2572 multis,

183 2620 186 2635 ‚
247 2591 333 2646 quam
352 2575 443 2639 voles,
458 2575 618 2646 Scipionis:
641 2592 699 2628 non
719 2591 778 2646 quo
798 2574 847 2628 illa
865 2573 957 2628 Laelii
975 2573 1133 2647 quidquam
1151 2575 1188 2632 sit
1210 2575 1335 2645 dulcius,

247 2649 395 2721 autqupd
412 2649 450 2717 dc
468 2651 611 2721 religione
630 2649 688 2704 dici
704 2650 795 2720 possit
813 2650 974 2723 augustius3
993 2649 1045 2718 scd
1057 2649 1148 2705 multo
1166 2662 1262 2707 tamen
1285 2673 1332 2709 ve-

176 2771 179 2782 ,
247 2725 364 2794 uerior,
389 2736 419 2785 et
436 2725 588 2790 horridior
607 2725 675 2798 ille,
695 2742 780 2798 quarn
795 2725 911 2798 Scipio:
934 2737 978 2788 ct,
1002 2743 1067 2782 cum
1086 2726 1189 2796 sintin
1208 2728 1333 2788 dicendo

247 2799 545 2875 pariacuvoluntatcs,
565 2801 703 2858 delectari
717 2801 787 2854 mibi
807 2802 895 2874 magis
914 2802 1083 2874 antiquitate
1101 2801 1226 2871 videtur,
1243 2818 1281 2874 ,et
1292 2809 1337 2862 lu-

246 2877 353 2931 benter
370 2877 469 2931 verbis
491 2867 577 2932 etiam
587 2879 631 2948 uti¹
655 2878 742 2949 paulo
757 2877 845 2949 magis
861 2877 963 2948 priscis
980 2878 1103 2933 Laelius.
1143 2879 1201 2934 Sed
1215 2895 1258 2938 cet
1271 2903 1335 2940 mos

224 2953 406 3017 shominum,
419 2964 451 3008 ut
465 2954 560 3006 nolint
575 2954 699 3008 eundem
716 2933 850 3024 pluribus
870 2953 959 3010 rebus
977 2955 1129 3008 excellere.
1167 2956 1283 3013 Nam'ut
1304 2962 1337 3016 iu

194 3035 196 3041 '
246 3028 353 3083 bellica
379 3028 463 3084 laude
483 3029 631 3102 adspirare
658 3029 695 3083 ad
718 3029 886 3083 Africanum
903 3048 989 3084 nemo
1008 3042 1117 3102 potest,
1140 3031 1248 3106 inqua
1271 3036 1336 3108 ipsa

169 3133 173 3142 .
200 3108 204 3119 '
247 3106 397 3178 egregium
417 3103 580 3162 Viriathieo
601 3102 683 3160 bello
703 3107 865 3178 reperimus
879 3106 967 3160 luisse
981 3106 1109 3161 Laelium
1118 3103 1133 3159 ε’
1144 3109 1191 3162 ¹sic
1215 3111 1336 3184 ingenii,

246 3181 415 3247 litaturum,
438 3183 636 3256 eloquentiae,
658 3181 816 3253 sapientiae
841 3182 982 3256 denique,
1004 3183 1056 3236 etsi
1079 3183 1196 3256 utrique
1215 3188 1336 3260 primas,

247 3259 478 3330 priorestamen
501 3259 628 3314 libenter
650 3258 787 3314 deferunt
802 3256 911 3312 Laelio.
933 3258 974 3313 de
994 3259 1068 3313 Nat.
1088 3262 1123 3314 D.
1144 3260 1207 3325 111,
1224 3271 1251 3320 2.
1272 3283 1336 3322 non

249 3336 393 3390 Zenonem
420 3334 663 3390 autumamus
686 3347 737 3391 aut
761 3335 952 3407 Chrysippum
977 3351 1098 3406 sequor,
1128 3335 1279 3412 habeoque
1299 3341 1336 3396 C.

247 3403 377 3466 Laelium
389 3427 527 3484 augurem
547 3411 730 3483 eundemque
747 3412 920 3482 sapientem,
937 3412 1138 3484 quemvpotius
1158 3413 1271 3468 audiam
1296 3417 1334 3473 de

248 3487 391 3559 religione
410 3486 553 3542 dicentem
567 3487 596 3539 in
614 3487 664 3541 illa
685 3489 817 3543 oratione
835 3484 940 3552 nobili,
965 3503 1050 3558 quam
1063 3505 1234 3562 quemquam
1253 3494 1334 3563 prin.

241 3564 343 3634 'cipem
365 3563 544 3618 Stoicorum,
581 3565 676 3618 Vell.
699 3565 770 3619 Pat.
795 3565 846 3628 ll,
876 3570 952 3624 127·
992 3561 1071 3617 llere
1097 3565 1255 3622 eminentes
1274 3570 1335 3624 viri

248 3653 307 3692 nen
325 3639 433 3711 magnis
449 3638 632 3694 adiutoribus
649 3640 685 3692 ad
705 3636 920 3713 gubernandam
933 3638 1078 3693 fortunam
1091 3655 1170 3694 suam
1187 3643 1231 3696 usi
1250 3658 1334 3715 sunt3

248 3725 281 3768 ut
300 3711 358 3767 duo
378 3713 529 3786 Scipiones
549 3715 663 3770 duobus
693 3716 817 3780 Laeliis,
843 3731 916 3788 quos
940 3720 1110 3788 peremnia
1134 3732 1334 3793 aequaverunt

247 3789 320 3858 sibit
341 3789 466 3846 Horat
489 3793 599 3850 Serm·
618 3793 671 3857 11,
697 3802 722 3850 l·
743 3801 800 3852 71:
1206 3827 1209 3834 ,

380 3910 437 3968 Ubi
456 3928 486 3966 ee
505 3913 624 3985 evulgo
636 3913 672 3969 'ct
683 3929 766 3967 scena
786 3911 816 3965 iu
834 3922 944 3966 secreta
962 3924 1112 3970 remorant

379 3989 482 4044 Virtus
499 3987 651 4061 Scipiadae
669 4001 697 4044 et
716 3988 793 4044 mitis
811 3987 960 4058 Sapientia
978 3990 1067 4055 Laeli,

379 4065 488 4139 Nuqari
508 4065 642 4120 rumille
662 4075 692 4120 et
709 4063 842 4120 discincti
862 4063 976 4132 ludere,
989 4064 1082 4121 donec

380 4142 603 4215 Decoqucrctur
623 4137 704 4208 olus,
727 4140 817 4198 soliti·
841 4171 877 4186 -

169 4282 320 4354 Lucius,
346 4284 420 4342 vid.
443 4285 627 4366 Rupilius.

169 4407 237 4466 Lus

244 4407 366 4478 cinus,
402 4406 473 4466 vid.
511 4407 718 4467 Fabricius.
