2930 5046
384 391 385 401 ,
454 337 604 414 INDEX
640 337 941 416 HISTORIGUS.
1204 355 1221 422 1
1227 354 1270 422 st

195 538 333 595 utebatur
346 537 416 596 Attii
428 540 516 594 Tulli.
541 541 640 613 Longe
659 540 682 595 is
702 551 762 597 turn
782 542 918 615 princeps
930 539 1036 596 'Volsci
1058 511 1183 598 nominis
1202 553 1274 609 orat,

184 616 388 690 'Romanisque
408 633 523 688 semper
543 616 674 696 infestus.

119 715 388 772 Coruncanius
409 714 476 779 Ti,
498 731 522 766 c.
544 723 571 774 5.
591 715 692 786 1.]8..
713 733 738 770 c.
760 711 849 782 lt.'§.
875 723 936 782 594
965 713 1007 768 cf.
1033 713 1077 769 d‘c
1101 714 1202 770 Orat.
1221 717 1274 770 111.

195 801 242 852 33.
262 789 574 856 accessissemus
597 789 674 844 illius
692 792 816 854 veteris,
836 791 905 845 haec
931 790 974 844 Ti.
999 790 1183 856 Coruncanii,
1204 794 1275 846 haec
1374 783 1380 794 ¹

194 865 301 938 proavi
323 866 423 938 generi
440 866 507 929 mei,
535 865 703 936 Scipionis,
724 865 939 938 prudentissimi
958 865 1275 938 hominis,1sapientia,

195 943 245 1015 qui
260 959 359 996 omnes
376 941 525 1012 pontifices
539 942 652 994 maximi
665 939 794 1006 suerunt,
814 953 846 996 ut
859 941 895 996 ad
908 960 958 996 cos
972 941 1008 996 de
1023 941 1158 996 omnihus
1169 941 1276 998 divinis

195 1029 281 1090 atquc
294 1018 423 1070 humanis
437 1017 525 1071 rebus
541 1017 704 1072 referretur
709 1037 719 1086 3
747 1017 893 1090 iidemque
916 1017 987 1073 etin
1006 1029 1122 1086 senatu,
1150 1031 1179 1075 et
1197 1019 1277 1090 apud

195 1092 353 1166 populum,
373 1091 446 1147 etin
467 1093 558 1146 causis
583 1094 758 1159 amicorum,
786 1105 816 1146 et
833 1093 911 1154 domi
931 1105 961 1148 et
978 1094 1098 1157 militiae
1123 1095 1277 1152 consilium

159 1171 164 1180 “
196 1187 279 1223 suum
298 1168 442 1240 iidemque
461 1167 643 1239 praestabant
650 1188 661 1236 3
681 1169 757 1228 Nat.
777 1171 817 1222 D.
841 1170 895 1225 111.
916 1178 943 1227 2.
969 1168 1027 1225 Sed
1045 1186 1132 1242 quum
1152 1171 1188 1226 de
1206 1173 1276 1226 reli·

194 1245 281 1318 gione
294 1245 398 1314 agitur,
419 1243 462 1296 Ti.
472 1244 696 1310 Coruncanium,
715 1247 747 1299 P.
765 1245 940 1316 Scipionem,
960 1247 991 1300 1⁷.
1005 1246 1187 1313 Scaevolam,
1204 1267 1275 1321 pon-

192 1317 283 1376 tifices
296 1319 448 1385 maximos,
469 1338 528 1373 non
546 1317 749 1376 Zenonemaut
762 1319 933 1375 Cleanthem·
948 1333 997 1376 aut
1015 1322 1207 1397 Chrysippum
1233 1341 1275 1378 se·

194 1413 280 1470 quor.
294 1427 329 1438 -
350 1395 446 1450 Vell.
466 1396 538 1450 Pat.
559 1398 598 1450 11.
621 1405 683 1456 128·
705 1414 799 1469 neque
817 1413 910 1450 novus
930 1397 978 1450 bie
1001 1415 1063 1452 mos
1085 1400 1205 1455 Senatus
1223 1418 1275 1471 po-

154 1477 157 1491 ¹
192 1472 313 1544 polique
329 1471 413 1526 Rom.
429 1483 482 1536 est,
501 1471 635 1542 putandi,
657 1471 895 1544 quodoptimum
909 1472 953 1536 sit,
975 1476 1276 1530 esse-nobilissimum.
1310 1481 1314 1493 “

194 1549 269 1602 Nam
281 1558 311 1600 et
324 1545 366 1600 illi
384 1546 509 1619 antiqui,
530 1557 594 1602 ante
608 1547 734 1618 primurn
746 1547 857 1600 bellum
877 1549 1034 1611 Punicum,
1062 1549 1166 1604 abhinc
1185 1569 1277 1605 annos

194 1623 279 1686 CCC,
299 1623 344 1676 Ti.
359 1622 589 1685 Coruncanium,
608 1623 757 1678 horninem
770 1640 894 1688 novum,
915 1641 978 1676 cum
997 1624 1063 1680 aliis
1074 1627 1208 1680 omnibus
1225 1627 1274 1682 ho·

97 1701 99 1710 '
194 1699 340 1764 notibus,
359 1711 418 1754 tum
439 1697 611 1770 pontificatu
632 1700 719 1754 ctiam
737 1699 878 1762 maximo,
904 1699 941 1755 ad
960 1699 1123 1774 principale
1146 1704 1278 1758 extulere

195 1775 348 1848 fastigium·
863 1799 865 1806 ·
1014 1839 1020 1846 ‚

117 1875 256 1933 cortus
276 1874 325 1928 tr.
345 1892 370 1928 c.
391 1881 417 1932 s.
438 1871 544 1942 §.184
563 1889 587 1926 c.
609 1881 635 1933 8·
656 1872 679 1943 t.
699 1879 763 1941 asa
784 1891 808 1926 c.
831 1858 1166 1940 11.t;'so.;cttva·t
1187 1877 1275 1932 Max.

192 1953 245 2006 lv.
265 1959 342 2012 Η.
360 1949 400 2004 Μ.
421 1960 515 2002 autem
533 1949 638 2002 Curius
652 1948 827 2003 exactissima
847 1966 948 2002 norma
966 1951 1112 2006 Romanae
1127 1953 1274 2028 frugalite-

192 2029 246 2089 tis,
271 2026 404 2098 idemque
424 2022 603 2078 fortitudinis
622 2025 887 2096 perspectissimum
914 2025 1077 2095 specimen,
1115 2029 1275 2084 Samnitum

192 2103 294 2174 legetis
307 2101 411 2173 agresti
427 2117 457 2154 se
472 2101 501 2152 in
518 2117 633 2154 scamno
646 2099 817 2154 assidentem
840 2099 926 2164 foco,
944 2112 1030 2172 atque
1055 2103 1151 2176 ligneo
1175 2106 1275 2162 catillo

195 2187 365 2231 coenantem
379 2175 491 2249 (quales
505 2177 613 2247 epulas,
633 2186 786 2247 apparatus
806 2174 916 2228 indicio
928 2180 983 2246 cst)
998 2164 1184 2247 spectandum
1192 2199 1274 2252 prae-

194 2252 268 2312 buit.
307 2252 360 2306 llle
375 2253 450 2306 enirn
463 2252 622 2306 Samnitum
638 2251 753 2306 divitias
768 2251 954 2322 contempsits
975 2253 1189 2325 Samnites'ej'us
1207 2275 1273 2327 pau·

195 2339 336 2402 pertatem
353 2328 448 2383 mirati
466 2338 541 2382 sunt.
588 2327 660 2382 Nam
683 2345 748 2381 cum
766 2325 803 2381 erl
828 2344 893 2380 eum
919 2345 1051 2400 magnum
1069 2332 1133 2384 auri
1159 2332 1273 2403 pondus

195 2404 313 2476 publice
333 2404 450 2460 missum
468 2403 644 2466 attulissent,
670 2402 803 2476 benignis
823 2402 920 2462 verbis
940 2403 1096 2471 invitatus,
1127 2418 1214 2463 uteo
1230 2409 1274 2464 uti

159 2519 167 2549 ,
193 2481 305 2545 vellet,
335 2492 365 2535 et
389 2483 504 2536 vultum
521 2479 583 2533 risu
604 2479 709 2542 solvit,
742 2490 772 2534 et
795 2479 944 2550 protinus:
993 2480 1273 2552 supervacuae,

193 2555 335 2628 inquit,
355 2573 399 2610 ne
418 2554 542 2610 dicein
575 2554 725 2625 ineptae
751 2553 958 2626 legationis
984 2557 1164 2624 ministri,
1195 2577 1273 2614 nas·-

193 2643 274 2686 rate
294 2631 531 2687 Samnitibus
552 2629 599 2684 Μ’.
621 2631 775 2685 Curium
799 2631 907 2686 malle
933 2631 1198 2708 locupletibus
1218 2637 1273 2690 irn-
1381 2666 1384 2671 ·

190 2725 345 2782 parare,
373 2723 476 2788 quam
496 2707 617 2779 ipsum
641 2706 742 2761 sieri·
762 2707 1006 2778 locupletem:
1035 2713 1148 2782 atq-uc
1174 2711 1273 2766 istud
1321 2705 1323 2712 ¹

161 2847 165 2856 ¹
193 2795 235 2842 ut
254 2782 491 2856 pretiosum,
517 2785 567 2838 ita
593 2785 686 2837 malo
712 2781 899 2836 bominum
927 2784 1186 2859 excogitatum
1212 2807 1273 2841 mu·

192 2877 263 2914 nus
283 2859 497 2924 refertote,
527 2851 563 2914 si
591 2870 834 2924 mementote,
873 2875 926 2913 me
952 2875 1018 2914 nec
1051 2860 1134 2916 acic
1158 2861 1273 2932 vinci,

124 2999 136 3022 ἱ
193 2952 266 2992 nec
283 2936 443 3008 pecunia
461 2935 655 3007 corrumpi
678 2933 799 3008 po'sse.

553 3071 713 3184 'a

115 3315 317 3372 Fabricius
341 3313 537 3381 Luscinus,
564 3331 589 3370 c.
618 3321 643 3372 5.
672 3309 698 3385 §·
728 3321 800 3387 18·;¹
819 3331 844 3368 c.
866 3323 894 3377 8.
914 3311 937 3384 i.
958 3321 1019 3382 2823
1046 3313 1272 3384 c.11·§·39·;

193 3392 236 3446 cij
257 3393 351 3448 Gell.
372 3394 405 3448 Ν.
426 3391 460 3448 Α.
483 3403 508 3451 1.
532 3393 574 3457 1t.
614 3389 707 3444 Julius
720 3390 840 3462 lliginus
854 3391 884 3444 in
896 3390 976 3446 libro
990 3390 1026 3444 de
1047 3390 1108 3445 vita·
1125 3391 1272 3463 rebusque

192 3467 348 3524 illustrium
362 3470 492 3524 virorum
510 3485 557 3520 sex
575 3466 683 3539 legatos
697 3464 767 3520 dicit
785 3485 801 3520 a
821 3467 996 3522 Samnitibus
1009 3467 1045 3520 ad
1059 3467 1091 3520 C.
1107 3466 1273 3521 Fabricium

189 3544 395 3614 imperatorem
418 3545 489 3617 Pop.
511 3544 546 3599 R.
571 3541 697 3606 venisse,
724 3551 753 3596 et
779 3544 945 3598 memoratis
964 3541 1079 3608 multis,
1108 3543 1273 3614 magnisque
1388 3553 1397 3570 ³

188 3619 294 3685 rebus,
315 3637 389 3692 quae
413 3621 489 3676 bene
510 3637 543 3673 ac
561 3617 707 3672 benevole
729 3629 796 3689 post
815 3619 1076 3690 redditampacem
1097 3617 1273 3674 Samnitibus

189 3694 321 3760 iecisset,
341 3693 480 3751 obtulisse
499 3695 577 3750 dono
591 3693 726 3767 grandem
744 3695 908 3765 pecuniam,
938 3711 1110 3766 orasseque,
1134 3694 1177 3748 uti
1199 3693 1272 3747 acci·

186 3783 274 3845 peret
299 3783 511 3844 utereturque,
533 3783 619 3842 atque
638 3769 667 3822 id
685 3769 781 3824 facere
798 3770 939 3826 Samnites
952 3771 1071 3834 dixisse,
1095 3769 1175 3843 quod
1192 3767 1271 3826 vide·

188 3859 255 3902 rent
267 3845 357 3901 multa
371 3846 408 3900 ad
423 3846 607 3920 splendorem
628 3843 730 3900 domus
743 3857 829 3918 atque
845 3847 936 3900 victus
958 3844 1074 3911 defleri,
1102 3862 1195 3918 neque
1215 3863 1270 3916 pro

188 3922 402 3996 magnitudine,
423 3922 617 3996 dignitateque
631 3920 740 3976 lautum
758 3932 947 3995 paratumque
967 3939 1037 3975 esse.
1077 3921 1149 3976 Tum
1169 3920 1272 3974 Fabri·

190 3999 267 4053 cium
279 4001 378 4072 planas
391 4016 490 4060 manus
503 3997 539 4051 ab
552 3996 671 4051 auribus
682 3997 719 4063 ad
737 3998 853 4064 oculos,
875 4009 903 4053 ct
927 3997 1003 4051 inira
1017 3996 1153 4069 deinceps
1173 3995 1209 4050 ad
1224 4015 1284 4051 na-·

189 4092 255 4139 res,
275 4088 304 4130 et
321 4075 356 4130 ad
369 4094 417 4142 os,
438 4087 467 4129 ct
479 4073 515 4128 ad
528 4074 639 4146 gulam,
665 4086 753 4148 atquc
769 4071 836 4128 inde
857 4091 948 4145 porro
973 4072 1158 4128 ad'veutrem
1182 4073 1270 4127 imum

189 4147 351 4218 deduxisse,
367 4163 395 4208 et
408 4149 508 4226 legatis
522 4149 560 4204 ita
574 4149 756 4218 respondisse
768 4169 778 4203 z
814 4152 890 4205 Dum
904 4149 961 4204 illis
976 4149 1109 4204 omnibus
1123 4148 1270 4213 membris,

189 4243 265 4298 quae
276 4227 432 4300 attigisset,
471 4223 613 4296 obsistere
627 4235 712 4298 atquc
729 4226 873 4298 imperare
886 4238 1005 4298 posset,
1032 4231 1177 4298 nunquam
1193 4225 1273 4296 quic·

190 4319 276 4374 quam
290 4299 473 4374 cautorum,
505 4302 843 4374 Proptereapccuniam,
864 4303 920 4374 qua
939 4301 1011 4356 nibil
1032 4301 1087 4355 sibi
1107 4312 1181 4355 esset
1193 4315 1271 4366 usus,

189 4377 226 4433 ab
240 4377 291 4444 iis,
311 4377 489 4454 quibusoam
505 4375 669 4446 scirtusui
687 4395 763 4444 csse,
783 4397 843 4432 non
860 4377 1009 4450 accipere3
1041 4388 1074 4432 ot
1102 4375 1191 4430 ibid.
1217 4375 1270 4430 111.

190 4461 216 4515 8·
238 4454 379 4511 Consules
392 4465 454 4513 tum
467 4455 587 4512 fueraut
596 4449 629 4508 G.
643 4453 795 4511 Fabricius
806 4465 894 4530 atque
901 4451 1049 4510 Aemilius.
1069 4453 1190 4519 Literas,
1201 4469 1272 4525 quas
1341 4451 1347 4460 “
