2878 5042
194 345 245 422 91,
331 323 335 346 '
597 332 951 408 haustus

193 507 356 602 venientia
376 527 495 582 rerum,
516 505 551 570 in
572 528 610 574 ea
631 505 802 583 stabilitas,
826 507 861 570 in
882 527 919 570 ea
940 504 1134 594 constantia:
1157 527 1243 592 quae
1267 528 1371 592 quum

194 635 230 678 se
251 613 367 678 extulit
387 627 421 677 et
441 613 582 680 ostendit
602 615 710 678 lumen
732 608 826 676 suum
845 628 878 678 et
899 613 986 676 idem
1007 613 1154 696 adspexit
1162 613 1369 698 agnovitque

192 719 228 784 in
249 720 330 784 alios
359 719 453 784 adid
476 741 512 786 se
540 721 688 784 admovet
721 718 925 804 vicissimque
947 719 1062 804 accipit
1082 717 1184 793 illud,
1215 719 1362 803 quadis

184 804 298 919 ‘altero
319 839 385 906 est3
420 847 460 889 ex
481 847 545 912 qao
567 847 679 890 eorum
708 823 889 888 exardescit
910 825 980 888 sive
1003 847 1092 887 amor
1119 824 1188 887 sive
1210 823 1368 888 amicitia

192 933 370 1018 Utrumque
404 932 490 996 euim
517 932 637 998 dictum
664 947 713 995 est
744 929 783 994 ab
816 929 968 994 amando:
1011 951 1116 994 amare
1143 946 1255 996 autem
1289 931 1370 994 nibil

193 1037 282 1122 aliud
302 1052 362 1110 est,
384 1037 448 1101 nisi
469 1057 542 1099 eum
561 1037 665 1118 ipsum
687 1035 843 1120 diligere,
867 1058 962 1124 quem
984 1057 1081 1112 ames,
1103 1038 1188 1099 nulla
1208 1037 1370 1122 indigen-

114 1158 117 1164 ’
191 1142 252 1217 tia,
281 1144 383 1222 ,nulla
411 1143 549 1220 utilitate
579 1142 740 1228 quaesita:
784 1161 866 1226 quae
894 1156 1000 1206 tamen
1029 1143 1098 1226 ipsa
1121 1141 1312 1208 efflorescit
1334 1158 1370 1208 e'x

134 1248 348 1342 lolamicitia,
371 1249 467 1313 etiam
490 1250 517 1312 si
537 1264 573 1312 tu
595 1270 664 1312 eam
686 1249 791 1310 minus
812 1260 939 1310 secutus
961 1247 1015 1312 sis.
1077 1253 1147 1311 Hae
1168 1271 1228 1312 nos
1254 1251 1370 1314 adole-

196 1369 323 1418 scentes
344 1355 569 1419 benevolentia
591 1375 685 1418 senes
713 1355 787 1418 illos
807 1357 845 1417 L.
868 1354 1031 1429 Padllum,
1055 1359 1104 1417 Μ.
1129 1358 1310 1430 Catonem,
1335 1360 1368 1422 C.

192 1461 328 1536 Gallum,
351 1463 387 1524 P.
410 1462 573 1536 Nasicam,
596 1460 646 1524 Ti.
668 1460 869 1536 Gracchum,
892 1459 1053 1542 Scipionis
1073 1461 1177 1524 nostri
1200 1482 1367 1538 socerum,

190 1566 379 1647 dileximus3
401 1567 482 1630 haec
494 1567 599 1630 'etiam
619 1567 721 1654 magis
744 1567 849 1629 elucet
869 1564 957 1637 inter
978 1568 1141 1650 aequales,
1163 1581 1198 1630 ut
1212 1567 1305 1630 inter
1318 1587 1367 1630 me

191 1687 224 1737 et
246 1672 441 1757 Scipionem,
463 1677 501 1737 L.
522 1673 675 1750 Furium,
698 1675 734 1735 P.
757 1671 937 1756 Rupilium,
961 1672 1015 1757 sp.
1037 1671 1243 1736 Mummium:
1268 1675 1365 1738 vicis·
1420 1736 1421 1784 p

177 1762 252 1841 xsim
273 1793 376 1842 autem
398 1799 493 1842 senes
515 1779 549 1842 in
571 1779 822 1844 adolescentium
845 1778 974 1842 caritate
996 1780 1248 1865 acquiescimus,
1276 1796 1313 1845 ut
1331 1784 1360 1846 in
1421 1814 1422 1846 t

189 1898 315 1960 vestra,
351 1898 387 1946 ut
406 1884 441 1946 in
463 1887 504 1980 Q.
526 1887 727 1966 Tuberonis3
769 1883 919 1971 equidem
941 1861 1035 1950 etiam
1058 1879 1229 1950 admodum
1253 1889 1350 1952 adole·
1422 1888 1423 1920 ¹

190 1990 309 2054 scentia
330 1993 366 2054 P.
380 1991 511 2070 Rutilii,
533 1994 572 2056 A.
588 1988 728 2078 Virginii
747 1989 963 2056 familiaritate
983 1991 1138 2058 delector.
1181 1992 1352 2082 Quoniam·
1424 2042 1425 2065 ,

229 2297 255 2370 §·
281 2310 344 2360 101·
366 2329 402 2342 ·-
421 2313 446 2354 es
467 2299 575 2375 quidem
594 2299 625 2355 b.
645 2299 679 2354 E.
704 2299 826 2357 Reiorus
845 2297 887 2352 sic
911 2293 1052 2352 distinxits
1074 2311 1104 2352 ut
1121 2298 1152 2350 in
1172 2303 1205 2368 Q.
1228 2301 1263 2352 T.
1287 2304 1368 2374 equi.

307 2377 383 2442 dem,·
409 2380 501 2430 etiam.
523 2410 559 2421 -
581 2376 630 2432 Sic
648 2376 752 2431 Dresd.
772 2393 797 2431 a.
813 2393 841 2432 v.
854 2376 890 2429 V.
913 2390 950 2425 m.
972 2373 1007 2428 R.
1027 2373 1066 2426 M.
1083 2373 1114 2427 L.
1133 2375 1168 2428 P.
1186 2375 1218 2429 G.
1235 2381 1275 2424 ω
1304 2394 1372 2431 om,
1428 2377 1429 2406 l

307 2473 340 2506 en
361 2455 416 2506 alia
438 2451 486 2505 be.
505 2451 537 2506 E.
556 2470 620 2506 eum
645 2453 766 2526 plerisq.
787 2463 814 2514 ὅ.
834 2463 859 2510 1·
878 2459 905 2510 2·
925 2449 948 2502 B
996 2448 1112 2505 Excidit
1133 2448 1258 2520 sonasse,
1287 2454 1373 2524 quia
1427 2421 1431 2548 i

305 2526 348 2583 sic
366 2527 523 2602 scripserat
542 2528 603 2604 (iic.
626 2532 743 2584 Malia
763 2550 795 2582 ea
813 2530 870 2606 qlt'a
889 2539 964 2580 aetas
982 2547 1025 2580 or·
1064 2525 1157 2582 Orell.

192 2702 311 2758 dicebas.
351 2732 387 2744 -
439 2705 554 2776 extulit)
586 2703 689 2760 tralata
722 2702 759 2757 ab
789 2699 1046 2774 erumpnoso.
1071 2697 1098 2772 §.
1124 2707 1171 2767 29.
1208 2729 1242 2743 -
1281 2723 1370 2759 secu·

192 2795 330 2852 agrorum
349 2777 501 2834 fertilitate
520 2780 709 2854 significatio,
728 2789 763 2834 ut
789 2795 832 2834 tus
851 2782 899 2846 sis)
920 2777 940 2835 i.
954 2785 984 2830 o.
1000 2777 1188 2850 appetiverit.
1256 2780 1261 2823 l

194 2857 275 2911 Oret·
306 2858 353 2923 II,
388 2865 435 2916 21.
468 2856 611 2928 efferat
642 2878 670 2911 se
695 2857 762 2929 soe·
1257 2829 1261 2923 i

192 2933 321 2988 conditas
344 2936 374 2986 in
394 2933 569 2987 adolescente.
598 2965 633 2977 -
673 2951 763 3004 agno·
828 2929 852 3000 §
872 2939 935 2990 101.
955 2930 1069 2984 vt'ctisst'm
1088 2931 1191 2998 autem)
1205 2926 1265 2993 afri,
1275 2946 1372 3004 supra

160 3039 164 3046 ·
189 3010 297 3082 vitque)
314 3027 463 3078 agnoscere
486 3019 527 3062 est
548 3026 610 3064 rem
639 3008 696 3076 jam
712 3020 763 3061 no·
792 3025 817 3061 c.
843 3017 870 3072 9·
898 3005 920 3075 §
954 3015 1000 3066 30.
1041 3039 1076 3051 -
1117 3007 1193 3060 adol.
1225 2999 1370 3079 cubitare)

190 3087 250 3140 sam
265 3083 383 3139 aliunde
401 3100 587 3156 cognoscere.
606 3083 667 3140 cfr.
679 3083 764 3137 Tuae.
793 3086 896 3138 caritas
908 3080 1267 3137 dicituvadolenscentium
1281 3100 1372 3138 amor

190 3161 282 3226 ΜΒ.
304 3160 614 3230 ut'daumagnosct's
631 3163 764 3234 exoperi-
793 3177 862 3234 erga
881 3176 972 3214 senes.
1000 3157 1052 3210 cfr.
1068 3175 1155 3230 supra
1175 3177 1200 3213 c.
1223 3165 1250 3219 6.
1269 3159 1295 3229 §.
1321 3169 1365 3220 20.

191 3237 765 3310 bueeJ'us,siaexmemoriarevum,etinven·
794 3269 829 3280 -
870 3256 903 3290 ac
923 3235 1156 3302 uisscimus)·cfr.
1180 3237 1292 3308 Zumpt.
1316 3237 1366 3290 Gr.

191 3316 275 3376 sione,
288 3314 561 3378 ecceleritatemostss,
575 3315 766 3388 omnr'quepul·
795 3329 819 3368 e.
841 3256 925 3379 sbd-
948 3317 1014 3378 stc.
1055 3343 1090 3356 -
1131 3312 1252 3386 equidem
1269 3315 1368 3380 etiam)

193 3388 350 3443 claritudine
363 3389 469 3442 virtutis
478 3392 529 3441 vim
543 3391 766 3444 divinammeatt's
794 3389 861 3443 Noli
886 3389 1028 3462 equidem,
1052 3397 1083 3442 ut
1103 3389 1240 3452 Beierus,
1261 3387 1369 3457 adjun-

192 3466 348 3536 agnosaito.
389 3494 425 3507 -
464 3468 518 3518 sive
536 3467 765 3530 amos-,szeeami-
795 3461 1125 3538 gerepraeaedentibus3
1140 3463 1368 3519 cfr.Var.Lecs.

194 3543 276 3611 sitia)
299 3541 353 3594 sive
376 3537 405 3592 b.
425 3539 444 3594 l.
470 3542 621 3595 nominum
642 3539 764 3596 diversi·
792 3543 959 3596 Pronomen
994 3541 1149 3612 personale
1189 3539 1305 3594 acuitur
1339 3541 1369 3592 in

192 3627 280 3674 tatem
304 3614 430 3670 denotat.
458 3615 511 3671 elr.
535 3619 648 3690 Zumpt.
670 3618 722 3672 Gr.
739 3633 764 3669 e.
792 3616 986 3672 affirmatione
1011 3616 1072 3680 rei,
1090 3632 1163 3690 quae
1189 3616 1262 3668 mira
1279 3633 1369 3688 quae·

193 3701 241 3755 67.
260 3689 286 3761 §.
304 3698 369 3752 536.
409 3721 445 3736 ··-
485 3710 543 3746 eum
562 3699 646 3766 speum
670 3695 764 3764 daig.)
793 3693 858 3748 dam
878 3690 973 3746 videri
986 3691 1086 3764 possit.
1126 3692 1369 3748 Similemlooum

194 3774 279 3844 speum
298 3768 360 3821 b.l.
379 3767 539 3839 emphatice
560 3769 678 3838 dietum,
699 3787 764 3824 cum
791 3768 881 3824 babes
911 3767 972 3822 Cat.
1001 3785 1026 3821 o.
1055 3775 1100 3836 lll-
1130 3769 1153 3839 §-
1185 3773 1244 3836 Δός
1289 3771 1368 3842 Ego

190 3855 330 3916 respectu
343 3842 380 3898 ad
392 3844 541 3918 sequentia
557 3850 633 3900 nullo
652 3849 769 3900 utt'lt'tate
796 3865 859 3900 ver
868 3865 884 3898 o
900 3857 1013 3916 propter
1023 3849 1153 3898 sermonis
1165 3845 1372 3898 delectationem

195 3924 332 3996 qttaess'tos
374 3953 397 3966 -·
449 3935 540 3975 tamen
560 3927 637 3994 ipsa)
672 3927 729 3995 ipsa
750 3922 768 3976 i.
797 3923 955 3994 tempestivis
971 3940 1078 3996 quoque
1093 3923 1225 3974 convivis
1235 3921 1370 3974 delector.

196 4015 222 4052 e.
238 4013 294 4068 per
311 4011 342 4050 se
361 3997 433 4062 sola,
452 4013 502 4052 sua
522 4009 635 4070 sponte,
650 4008 683 4053 ut
701 3998 768 4052 Div.
797 4027 833 4040 -
874 3998 1019 4052 admodum
1043 3997 1232 4064 adolescentis)
1261 3997 1372 4051 Partis.

194 4074 220 4139 I,
241 4079 294 4138 st:
316 4075 451 4127 valvatae
467 4093 572 4147 aptae
594 4087 768 4146 aperuerunt.
797 4075 944 4128 admodum
970 4071 1163 4128 substantivis
1189 4089 1250 4126 non
1268 4072 1373 4142 adjici-

196 4159 227 4204 et
249 4147 307 4203 Off·
327 4159 351 4207 l·
372 4157 426 4207 22:
453 4151 562 4224 delapsa
585 4169 682 4204 arma
711 4155 769 4223 ipsa
797 4159 855 4215 tur,
885 4149 983 4203 nisisi
1003 4163 1036 4202 ea
1056 4163 1111 4218 pru
1134 4146 1294 4218 Adiectivls
1313 4166 1372 4220 po·

196 4227 360 4281 aesiderant.
400 4225 483 4300 Virg.
509 4225 609 4299 Eclop.
636 4227 696 4288 tv,
716 4235 768 4286 25:
797 4236 916 4291 uuntuv,
939 4222 1018 4298 quod
1040 4222 1191 4295 inprimis
1211 4241 1265 4279 usu
1287 4224 1373 4280 venit

195 4307 259 4376 Ipsa
279 4302 331 4354 sisi
355 4303 470 4356 blandos
479 4301 607 4374 fundent
633 4305 770 4357 cunabula
798 4302 829 4356 in
851 4298 1043 4357 substantivis
1062 4302 1184 4373 juventi,
1198 4319 1281 4374 puer,
1300 4303 1372 4356 ado·

187 4381 289 4454 flores.
330 4405 365 4418 -·
405 4398 498 4432 amare
511 4411 545 4423 —
559 4381 689 4450 diligere)
716 4377 770 4431 cfr.
797 4381 905 4433 lesaeae.
943 4407 978 4418 --
1017 4390 1092 4436 aetas
1110 4381 1220 4431 oriatur
1242 4395 1274 4430 ex
1299 4377 1372 4444 alia)

195 4471 286 4528 supra
303 4469 329 4507 c.
348 4463 376 4517 8.
394 4452 419 4526 ς.
439 4460 488 4517 28.
526 4485 562 4500 -·
599 4456 769 4527 iradigeatt'a)
798 4452 1110 4525 Reateintorprstetur
1120 4453 1371 4510 Beiorusaetatem
