2930 5046
190 341 260 412 102
527 327 677 402 INDEX
701 327 1000 403 HISTORICUS.

263 527 404 600 adregem
412 527 554 600 Pyrrhum
571 543 802 598 superarcanae
816 527 964 594 miserunt,
985 527 1029 584 Cl.
1043 520 1257 608 Quadrigarius
1278 526 1349 580 scri-

263 606 322 677 psit
333 605 420 659 fuisse
432 603 488 658 hoc
507 602 655 673 exemplo:
676 603 815 657 Consules
833 604 956 659 Romani
975 607 1096 660 salutem
1120 603 1219 658 dicunt
1234 602 1351 674 Pyrrho

263 681 341 754 regi:
364 697 415 734 nos
430 698 484 752 pro
502 679 557 734 tuis
576 677 688 730 iniuriis
709 677 845 733 continuo
866 680 963 736 animo
982 681 1106 746 strenui,
1141 679 1277 759 commoti
1294 679 1352 732 ini-

264 757 377 812 miciter
389 768 482 810 tecum
496 753 607 808 bellare
623 751 778 811 studemus.
819 755 877 811 Sed
896 746 1061 812 'communis
1081 755 1203 826 exempli
1228 766 1256 810 et
1279 754 1351 810 fidei

264 850 352 905 ergo,
372 833 464 904 visum
481 837 532 894 c'st,
552 829 595 883 uti
609 841 636 883 te
649 828 759 883 salvum
773 831 905 897 velimus,
925 844 957 886 ut
970 847 1061 898 esset,
1082 849 1167 906 quem
1179 831 1265 886 armis
1286 832 1352 886 vin-

264 926 331 963 cere
348 907 497 980 possimus.
537 904 579 957 Ad
594 922 647 958 nos
662 905 743 959 venit
756 907 851 961 Nicias
865 906 1017 964 familiaris
1030 921 1113 973 tussa,
1134 908 1184 980 qui
1203 907 1259 960 sibi
1278 925 1348 979 pre·

263 985 334 1039 tium
352 984 465 1038 anobis
478 991 607 1054 peteret,
630 981 651 1034 si
666 991 695 1035 te
715 981 787 1034 clam
809 983 1011 1040 interfecisset.
1050 985 1083 1039 ld
1104 1001 1156 1037 nos
1182 984 1353 1056 negavimus

263 1061 358 1128 velle3
379 1076 452 1114 neve
467 1057 505 1110 ob
519 1074 580 1111 eam
595 1075 657 1110 rem
674 1055 827 1130 quiequam
842 1060 988 1117 commodi
1004 1071 1191 1132 exspectaret.
1210 1059 1246 1114 Et
1261 1059 1348 1114 simul

262 1135 355 1190 visum
369 1146 421 1198 est,
441 1146 473 1189 ut
486 1145 514 1190 te
531 1133 685 1186 certiorem
699 1133 875 1198 faceremus:
897 1136 1016 1209 nequid
1031 1135 1172 1208 ejusmodi
1194 1135 1218 1190 si
1231 1135 1352 1188 accidis·
1457 1175 1458 1180 η

262 1221 323 1277 set,
342 1219 443 1266 nostro
457 1207 580 1264 consilio
599 1209 727 1264 civitates
739 1221 875 1282 putarent
888 1211 1016 1282 factum,
1045 1225 1073 1270 et
1091 1209 1170 1285 quod
1192 1211 1276 1266 nobis
1290 1229 1352 1266 non

263 1281 375 1360 placet,
409 1286 504 1361 pretio
524 1295 573 1340 aut
592 1285 723 1356 praemio
745 1295 795 1341 aut
812 1285 888 1361 dolis
906 1305 1045 1364 pugnare.
1085 1288 1147 1354 Tu,
1168 1287 1224 1342 nisi
1237 1303 1351 1354 caveas,

263 1363 380 1418 iacebis.
910 1395 919 1404 ·

188 1463 375 1528 Fannius,
396 1463 429 1522 (i.
451 1479 476 1516 c.
498 1472 524 1521 l.
544 1461 568 1532 ς.
589 1467 606 1518 ὅ
627 1473 726 1530 et,5.;
745 1460 791 1520 ef.
812 1462 912 1520 Brut·
933 1470 985 1524 26.
1022 1461 1107 1519 Alter
1126 1474 1222 1518 autem
1237 1461 1353 1517 0.an

264 1539 347 1603 nius,
370 1541 412 1595 M.
426 1538 520 1603 filius,
541 1538 576 1592 C.
594 1537 686 1614 Laelii
705 1555 813 1611 gener,
839 1551 868 1595 et
884 1539 1031 1604 moribus,
1052 1551 1081 1596 et
1098 1539 1162 1611 ipso
1186 1555 1292 1612 genere
1308 1539 1351 1594 di·

226 1671 229 1678 ,
265 1614 350 1670 cendi
364 1615 477 1680 durior.
517 1616 545 1669 Is
564 1616 658 1669 soceri
678 1615 824 1683 instituto,
844 1615 959 1688 (quem,
991 1615 1223 1689 quiacooptatus
1247 1615 1277 1668 in
1301 1631 1353 1670 au·

266 1708 370 1765 gerum
388 1681 542 1762 collegium
560 1708 618 1744 non
639 1701 717 1755 erat,
744 1707 803 1744 non
824 1690 979 1749 admodum
1001 1691 1156 1764 diligebat,
1178 1691 1356 1763 praesertim

265 1783 331 1820 eum
345 1768 394 1822 ille
414 1768 449 1846 Q
468 1764 638 1822 Scaevolam
657 1767 712 1821 sibi
736 1767 879 1822 minorem
898 1779 967 1822 natu
986 1784 1124 1840 generum
1150 1766 1352 1838 praetulissem

266 1842 314 1894 cui
332 1853 429 1897 tamen
443 1842 556 1897 Laelius
568 1859 599 1899 se
612 1859 765 1908 excusans,
785 1859 844 1896 non
863 1859 971 1916 genere
990 1843 1097 1898 minori
1118 1841 1189 1896 dixit
1207 1860 1237 1897 se
1265 1841 1353 1910 illud,

266 1915 317 1972 sed
331 1919 435 1972 maiori
447 1918 523 1973 filiae
537 1918 713 1987 detulisset)
740 1919 763 1972 is
791 1929 886 1974 tamen
921 1917 1050 1974 instituto
1071 1917 1162 1976 Laelii
1181 1918 1353 1973 Panaetium
1458 1953 1459 1978 2

265 1992 426 2050 audiverat.
465 1995 533 2064 Ejus
556 1997 648 2051 omnis
663 1997 693 2051 iu
707 1993 830 2051 dicendo
850 1994 970 2050 facultas
988 2011 1023 2050 ex
1034 1994 1155 2050 historia
1180 1994 1270 2066 ipsius
1291 2011 1353 2048 non

266 2069 446 2143 ineleganter
459 2072 564 2144 scripta
587 2073 713 2146 perspici
733 2082 848 2146 potest,
869 2087 943 2146 quae
962 2066 1161 2146 aequanimis
1184 2081 1228 2126 est
1247 2067 1353 2138 inians,
1458 2083 1459 2086 ’

265 2162 361 2220 neque
381 2145 511 2218 perfecte
529 2147 645 2206 diserta.

191 2220 345 2290 Furius,
372 2221 432 2282 vid.
458 2224 599 2280 Philus.

633 2402 790 2474 .G.

193 2597 320 2655 Gallus
349 2563 569 2674 Sulpioilas,
595 2619 620 2662 e.
647 2610 676 2662 2.
702 2597 726 2669 §.
747 2607 792 2670 9.;
821 2615 846 2652 e.
867 2605 895 2660 6.
916 2595 944 2672 §
960 2605 1024 2667 21·3
1045 2614 1070 2651 e·
1090 2603 1137 2658 27.
1154 2594 1180 2668 l
1203 2605 1284 2665 101.;
1306 2595 1353 2688 οξ.

269 2692 334 2805 idid,
343 2673 448 2807 ¹gelidis
463 2676 740 2809 gidudsdddnrlllitddrn
759 2671 1352 2824 squnqqelslte}offilyssi7.prgtgulpg:
1459 2760 1460 2792 l

266 2827 386 2898 periore
399 2845 474 2881 anno
487 2826 591 2890 fuerat,
611 2829 737 2882 consulis
749 2826 891 2898 permissu
905 2825 941 2881 ad
952 2826 1121 2900 concionem
1141 2823 1281 2879 militibus
1302 2841 1352 2878 vo·

269 2902 340 2956 catis
355 2901 574 2974 pronunciavit,
594 2916 678 2959 nocte
691 2905 837 2977 proxima,
868 2919 904 2956 ne
921 2903 985 2979 quis
999 2901 1028 2956 id
1043 2919 1099 2974 pro
1121 2911 1258 2972 portento
1277 2899 1353 2954 acci·
1459 2931 1460 2940 κ

268 2989 371 3050 peret,
391 2978 428 3032 ab
442 2980 514 3032 hora
532 2979 657 3034 secunda
686 2997 778 3052 usque
798 2977 834 3032 ad
854 2990 985 3051 quartam
1008 2977 1109 3031 horam
1137 2977 1229 3031 noctis
1254 2977 1355 3030 lunam

181 3047 185 3066 ¹
268 3052 446 3109 defecturam
461 3069 532 3108 esse.
571 3053 623 3120 Id,
643 3057 711 3128 quia
727 3054 852 3110 naturali
878 3053 983 3107 ordine
1002 3052 1080 3107 statis
1099 3051 1279 3123 temporibus
1293 3051 1354 3117 liat,

270 3139 300 3182 et
318 3129 386 3182 sciri
398 3140 464 3184 ante
478 3141 508 3187 et
520 3129 650 3201 praedici
662 3149 757 3203 posse.
796 3131 896 3202 Itaque
915 3125 1178 3202 quemadmodum,
1198 3126 1356 3200 quiacerti

269 3205 340 3260 solis
352 3203 495 3278 lunaeque
509 3216 539 3262 et
552 3218 638 3264 ortus
653 3218 682 3262 ct
697 3223 813 3262 occasus
826 3206 897 3270 sint,
920 3221 996 3260 nunc
1007 3205 1095 3275 pleno
1110 3201 1200 3269 orbe,
1220 3221 1296 3257 nune
1310 3219 1356 3257 se·

269 3283 516 3355 nescenteexiguo
529 3299 622 3338 cornu
635 3281 748 3356 fulgere
762 3283 857 3336 lunam
866 3297 924 3335 non
934 3280 1125 3348 miraremur,
1147 3279 1186 3332 ita
1198 3296 1235 3333 ne
1249 3276 1356 3334 obscu·
1394 3301 1408 3326 ι

269 3357 330 3410 rari
342 3356 479 3429 quidem,
499 3375 588 3432 quum
607 3358 749 3414 condatur
760 3358 862 3411 umbra
876 3366 985 3420 terrae,
1012 3355 1128 3411 trahere
1142 3355 1172 3408 in
1186 3353 1357 3428 prodigium

268 3431 388 3487 debere.
426 3435 534 3498 Noeta,
555 3451 642 3508 quam
660 3435 756 3506 pridie
768 3435 864 3488 Nonas
877 3432 1063 3505 Septembres
1077 3431 1205 3485 insecuta
1218 3441 1262 3486 est
1278 3429 1356 3498 dies,

270 3506 347 3563 edita
361 3509 433 3563 hera
447 3509 515 3564 luna
527 3527 616 3582 quum
634 3503 801 3576 defecisset,
824 3508 961 3564 Romanis
976 3501 1119 3564 militibus
1143 3505 1220 3562 Galli
1240 3505 1356 3579 sapien-

267 3583 308 3638 tia
320 3601 413 3656 prope
434 3584 532 3640 diviua
548 3584 653 3640 videri.

194 3657 401 3726 Gracchus,
421 3660 492 3726 Ti,
511 3661 544 3715 P.
564 3662 613 3728 R,
635 3679 659 3715 c.
678 3669 725 3722 27.
746 3658 773 3733 §.
797 3670 877 3728 101.;
898 3658 941 3712 cf.
969 3657 1041 3714 Off.
1069 3657 1174 3718 11.1a.
1200 3656 1245 3712 si.
1273 3655 1353 3711 enim

268 3735 433 3800 Gracchus,
454 3737 486 3790 Ρ.
506 3738 538 3790 F.
557 3736 666 3794 tamdiu
678 3735 862 3799 laudabitur,
883 3731 950 3788 dum
968 3735 1109 3788 memoria
1128 3751 1228 3789 rerum
1247 3731 1355 3787 Roma·

268 3828 372 3866 narum
391 3812 533 3868 manebit:
554 3824 582 3868 at
599 3813 660 3868 eius
676 3814 739 3878 filii,
759 3829 813 3882 nec
828 3809 889 3865 vivi
901 3810 1102 3884 probabantur
1114 3810 1209 3875 bonis,
1231 3819 1259 3866 et
1273 3826 1357 3864 mor·

269 3887 311 3941 tui
324 3906 477 3944 numerum
495 3888 627 3946 obtinent
644 3889 706 3944 iure
723 3904 882 3943 caesorum.

194 3963 391 4027 Gracchus,
420 3965 481 4032 si,
503 3982 528 4018 c.
552 3974 596 4026 11.
620 3965 643 4036 §.
664 3975 699 4026 37
722 3975 751 4020 et
772 3971 834 4031 59·;
856 3981 879 4017 c·
894 3971 937 4021 12.
952 3963 1025 4033 §.to
1049 3972 1085 4016 et
1105 3969 1167 4030 5t.;
1188 3958 1231 4014 ef.
1251 3959 1353 4016 Veli.

268 4041 342 4095 Pas.
361 4041 399 4097 11.
419 4050 446 4100 2·
472 4043 628 4095 immanem
643 4041 752 4096 deditio
760 4039 886 4093 Mancini
900 4036 1023 4094 civitatis
1036 4035 1356 4092 movitdissensionem.

270 4115 385 4206 Quippe
398 4117 464 4172 Tib.
478 4118 634 4184 Gracchus,
655 4117 721 4172 Tib.
735 4115 858 4171 Gracchi
871 4113 1021 4170 clarissimi
1035 4123 1120 4184 atque
1134 4111 1355 4168 eminentissimi

269 4191 329 4246 vrri
341 4192 432 4260 filius,
452 4195 485 4247 P.
502 4193 631 4248 Africani
649 4213 683 4250 ex
698 4193 757 4248 filia
770 4210 871 4266 nepos,
891 4209 950 4265 quo
967 4193 1126 4272 Quaestore
1147 4199 1176 4244 et
1188 4200 1306 4244 auctore
1320 4185 1354 4242 id

268 4266 373 4323 foedus
387 4269 474 4324 ictum
495 4281 572 4336 erat,
592 4288 667 4324 nunc
682 4269 809 4343 graviter
822 4267 919 4322 ferens
941 4263 1051 4340 aliquid
1070 4282 1087 4320 a
1103 4281 1133 4320 se
1145 4264 1251 4320 factum
1271 4263 1353 4318 intir-

268 4345 357 4410 mari,
378 4363 453 4400 nune
465 4345 565 4401 similis
581 4348 629 4402 vel
643 4345 742 4402 iudicii
761 4345 808 4400 vel
828 4360 938 4418 poenas
952 4353 1081 4399 metuens
1098 4340 1253 4396 discrimen
1259 4357 1270 4409 3
1297 4338 1352 4396 tri-

266 4419 362 4478 bunus
374 4422 468 4496 plebis
481 4433 608 4492 creatus,
622 4415 688 4493 ¹(vir
699 4421 790 4497 aliqui
802 4421 863 4480 vita
881 4417 1148 4486 innocentissimus,
1168 4417 1285 4494 ingenio
1296 4414 1351 4472 flo-
