2878 5042
329 403 403 475 on
441 390 728 476 ιιιιοιιιι
767 387 891 476 cur.
929 346 989 487 ιι..
1176 415 1224 490 33

38 580 219 648 benevole
237 575 328 641 liunt.
372 576 439 640 Sed
461 575 573 641 nescio
593 576 756 662 quomodo
775 597 886 642 rerum
910 591 969 654 eet,
994 577 1082 662 quod
1104 577 1138 642 in
1156 582 1223 644 An.
1242 583 1281 646 89

37 690 130 752 dria
149 685 317 750 familiaris
344 703 435 744 meus
461 681 561 744 dicit:

293 789 479 872 Obsequium·
495 796 622 860 amicos,
651 795 759 850 ueritas
783 789 879 850 odium
904 797 995 872 parit.

44 899 199 964 Moleeta
222 896 356 969 veritae,
384 894 413 956 ei
442 891 572 978 quidem
595 913 642 956 ex
673 911 710 954 ea
736 892 880 956 nescitur
909 894 1035 982 odium,
1063 895 1149 982 quod
1176 911 1227 963 eet

50 1025 219 1070 venenum
235 1002 412 1078 amicitiam
435 997 494 1063 ced
509 996 700 1082 obsequium
715 997 814 1063 multo
837 1001 1015 1078 molestius,
1034 1002 1122 1086 quod
1145 1022 1225 1086 pee-

94 1305 123 1380 §.
137 1315 184 1371 89.
200 1337 234 1352 -
250 1319 281 1360 ut
298 1308 354 1380 obj.
366 1303 429 1360 ebo.
446 1302 480 1358 E.
494 1321 523 1356 v.
541 1304 581 1357 V.
598 1303 633 1357 R.
657 1302 688 1358 P.
708 1301 740 1356 B.
760 1334 797 1347 -
821 1320 877 1358 οιιι.
892 1317 923 1357 ut
943 1320 981 1356 m.
1002 1305 1042 1358 Μ.
1057 1305 1090 1358 L.
1107 1315 1133 1366 s.
1154 1315 1179 1364 1.
1197 1315 1226 1368 ι.

169 1383 205 1437 G.
220 1415 254 1426 -
265 1382 453 1438 senissimum
470 1380 526 1433 hoe
542 1387 585 1432 eet
597 1394 662 1433 voe.
678 1379 790 1433 comitor
801 1379 867 1434 satis
879 1379 1022 1437 firmatum
1035 1398 1051 1434 a
1065 1380 1138 1435 cdd.
1150 1373 1239 1448 (abel

169 1459 203 1513 E.
223 1475 248 1512 e.
263 1475 307 1530 pr.
335 1459 386 1526 m.)
410 1453 558 1512 Sententia
578 1464 636 1508 est:
659 1471 716 1518 „eo
730 1467 825 1509 eutem
841 1455 898 1509 fine
915 1456 1048 1511 oolirceri
1072 1456 1162 1512 debet
1174 1458 1228 1514 ob·

172 1535 314 1607 sequium,
334 1543 368 1588 ut
384 1531 462 1605 quod
482 1531 559 1585 dices
571 1529 733 1603 faciesque,
754 1531 872 1585 comitae
891 1533 948 1587 rite
961 1534 1103 1607 appellari
1120 1535 1228 1606 poeeite

173 1624 318 1682 nunquam
336 1621 430 1663 eutem
451 1604 658 1680 progrediatur
678 1605 715 1659 ed
728 1607 949 1662 assentationem
967 1610 1131 1664 vitiosum.“
1150 1610 1229 1676 „Co.

175 1687 257 1740 mites
273 1687 375 1758 utique
394 1683 505 1746 adsit‘,
523 1698 583 1737 non
601 1681 678 1746 insit,
699 1681 784 1737 dicit:
803 1700 855 1738 nee
869 1684 899 1736 in
920 1695 978 1738 tote
991 1686 1131 1742 sententie
1145 1685 1228 1760 quid·

176 1779 261 1836 quem
279 1763 355 1816 ineet
376 1759 505 1830 absurdi.
549 1757 649 1813 Haesit
669 1757 699 1810 in
718 1759 774 1814 hoe
793 1758 984 1816 librariorum
1002 1771 1114 1835 emper.
1135 1763 1229 1818 Oreli.

95 1939 120 2010 §.
141 1943 188 2000 89.
214 1939 305 1992 ηιιιίο
325 1933 474 2010 quomodo)
495 1931 548 1986 ie.
568 1935 632 1988 eheu
661 1931 831 2006 impellitur,
852 1945 885 1991 ut
907 1953 937 1991 ee
956 1937 1022 2008 jure
1049 1937 1162 1994 laudari
1179 1957 1231 2012 pu·
1341 1979 1347 1996 .

55 2013 118 2069 eir.
139 2031 227 2086 cupre
247 2013 275 2066 h.
296 2013 395 2067 uinit-
436 2039 471 2054 -·
507 2007 638 2076 lumilio-
660 2020 710 2070 tet,
730 2023 789 2081 quo
809 2010 879 2066 vitia
895 2012 1086 2084 adjuvantur3
1108 2015 1158 2090 qui
1172 2016 1232 2087 pri·

51 2094 98 2145 ris
117 2093 210 2155 meus)
239 2089 257 2143 i.
278 2105 303 2142 e.
336 2085 499 2142 Terentius.
539 2089 631 2140 Fami·
659 2081 840 2162 museetjyut
860 2088 901 2142 eit
919 2089 1116 2156 Gernherdue,
1137 2108 1232 2146 escen·

56 2169 142 2220 liaris
161 2175 258 2218 entem
277 2174 328 2228 eet,
346 2174 379 2219 ut
398 2160 631 2224 itndioem,emi·
658 2160 920 2215 tutionieeventne.
958 2164 1015 2220 Sed
1033 2166 1102 2220 haee
1113 2166 1233 2240 quidem

59 2258 116 2294 oue
137 2239 321 2302 domesticus,
330 2240 377 2311 qni
400 2235 630 2293 eetinlomiliem
659 2235 862 2308 interpretatio
882 2237 1032 2296 laltieeime
1052 2253 1109 2310 eet3
1133 2259 1233 2315 quam·
1311 2235 1319 2242 ⁵

58 2326 212 2387 receptus.
251 2348 286 2360 -
324 2319 430 2368 molesta
444 2315 555 2381 veritae)
576 2313 629 2368 ie.
658 2329 745 2384 quem
765 2309 795 2366 tt
809 2329 869 2366 non
894 2313 1019 2381 inlitior,
1042 2317 1142 2373 verbis
1162 2316 1232 2390 ipeii

60 2391 179 2455 odiose,
213 2389 311 2444 odium
329 2407 441 2462 parens.
480 2411 516 2430 ι-
556 2389 633 2464 qrtcd
660 2389 736 2442 huno
749 2387 841 2442 inesse
858 2402 943 2461 posse
957 2409 1088 2460 eeneum3
1112 2404 1141 2448 et
1155 2409 1233 2447 nuno

48 2469 194 2543 peccatis)
220 2467 297 2540 quod
312 2485 369 2522 non
389 2482 445 2539 pro
465 2465 632 2534 Conjunoti·
660 2465 775 2518 hicnon
797 2475 859 2522 eret
876 2466 968 2522 loeus.
1007 2471 1084 2524 Toto
1097 2487 1234 2542 peregre·

47 2562 112 2600 one
133 2542 299 2598 habendum
308 2560 318 2611 3
339 2545 480 2598 Neutrum
500 2553 543 2597 eet
560 2543 632 2596 Pro·
663 2542 721 2614 pho
737 2549 783 2604 89.
793 2540 907 2597 Laelius
919 2543 957 2598 de
977 2545 1076 2599 officio
1088 2547 1147 2620 egit
1160 2546 1232 2617 ejus,

45 2639 133 2676 nom.
156 2619 288 2685 celatim,
316 2618 567 2690 referentiumque
593 2617 630 2672 ed
663 2617 710 2672 oui
733 2617 763 2670 in
785 2618 911 2674 emioitie
938 2633 1034 2693 pertee
1055 2624 1233 2678 correctorie

46 2699 222 2772 obsequium.
268 2697 428 2770 Obsequium
447 2694 525 2748 enim
544 2711 629 2750 voce·
658 2693 946 2767 atqneedmonitorie
959 2697 1135 2768 ‹leteeeunt3
1152 2698 1233 2754 dein-

44 2774 162 2828 ·buium
181 2770 308 2826 medium
334 2782 393 2837 est,
416 2787 511 2844 neque
543 2770 630 2825 aliter
659 2768 695 2824 cle
715 2767 768 2839 ai.
789 2780 836 2835 9ο.
857 2775 1000 2846 usquead
1019 2775 1104 2830 linem
1128 2775 1165 2829 de
1185 2791 1232 2840 eo,

50 2849 243 2920 hocquoque
265 2845 628 2919 loeoaccipiendum.0ir.
659 2846 709 2919 qui
736 2857 779 2901 eet
802 2845 1002 2904 admonendus
1028 2849 1231 2923 corrigendus-

53 2923 98 2978 ed
122 2923 180 2978 Διι.
199 2925 240 2987 Χ,
259 2932 293 2990 t:
333 2945 411 2978 omne
433 2943 516 2977 meum
540 2925 630 2976 obse·
659 2939 715 2994 que
735 2921 853 2978 amicus.
904 2925 1012 2980 Noster
1035 2927 1124 2997 igitur
1148 2928 1231 2981 loeus

52 3003 156 3076 quium
173 3003 201 3054 ιἰι
221 3001 368 3072 illumsuic
383 3019 442 3054 cum
460 3002 545 3053 multa
558 3017 631 3052 seve·
659 3000 700 3052 tic
721 3009 763 3053 eet
777 2999 1026 3072 interpretandum
1047 3003 1169 3056 Maxime
1183 3019 1232 3058 eu-

47 3083 165 3132 ritate:
191 3097 275 3150 neque
305 3095 387 3130 unum
408 3080 478 3150 ejus,
499 3094 547 3129 nec
565 3093 631 3147 por·
660 3084 717 3128 tem
741 3072 827 3146 eulpa
849 3076 879 3129 in
903 3093 939 3130 eo
959 3087 1011 3142 eet,
1030 3079 1080 3151 qui
1101 3075 1232 3134 cilicium

44 3173 131 3217 vum,
152 3154 202 3205 sed
219 3155 304 3206 multa
323 3171 425 3222 magne
440 3154 546 3227 delictor
559 3169 632 3204 com·
660 3150 791 3205 veritatis
813 3151 1078 3226 admonitionieque
1104 3154 1160 3208 eibi
1180 3156 1232 3209 im·

42 3231 142 3305 pressi
150 3247 162 3294 ,·
184 3239 213 3284 et
225 3245 281 3299 pro
299 3228 381 3282 Coel.
401 3230 461 3283 VI:
485 3231 533 3281 illc
552 3244 631 3289 vero,
660 3227 729 3297 poni
743 3237 877 3299 gravatur
890 3239 1006 3283 recuset
1017 3233 1081 3304 (qui
1092 3233 1231 3285 veritatem

40 3307 181 3381 judices,
219 3309 250 3358 in
282 3306 328 3357 cllo
361 3306 468 3358 homine
493 3303 631 3357 mirabilia
660 3305 843 3374 aspernatur)
880 3314 918 3374 et⁴
932 3303 1022 3358 nimio
1046 3306 1230 3379 obsequendi

41 3384 191 3455 suerum,
212 3382 434 3453 comprehendere
447 3383 544 3433 ιιιιΙιοι
563 3378 631 3432 amb
660 3376 756 3432 studio
781 3394 812 3432 ee
832 3379 942 3450 impelli
962 3379 1040 3446 cinit,
1058 3393 1092 3436 ιιι
1107 3381 1232 3436 amicum

48 3460 137 3520 citio,
157 3460 259 3509 mereri
275 3458 465 3531 obsequio,
495 3475 555 3510 cum
575 3473 631 3508 om·
659 3465 826 3525 peccantem
844 3456 1036 3511 attentatione
1054 3457 1135 3512 fellet
1150 3457 1191 3526 (et
1202 3462 1233 3510 in

45 3535 138 3588 nibm
163 3537 377 3596 communicare,
408 3533 485 3607 quod
507 3532 630 3588 babebat,
657 3531 787 3597 fraudem
813 3534 942 3606 obsequio
969 3527 1141 3606 impellitur).
1187 3536 1232 3587 De

42 3610 159 3665 servire
185 3603 346 3681 temporibus
370 3629 481 3663 cuorum
512 3611 630 3662 omnium
658 3605 975 3678 significationeautem
988 3608 1072 3665 verb.
1089 3611 1237 3682 aspernari

38 3687 191 3760 pecunia,
228 3687 340 3756 gratia,
379 3687 472 3738 lolore
496 3685 630 3756 corporis,
659 3681 720 3735 cte.
739 3681 775 3735 ed
790 3681 848 3738 tu.
874 3685 937 3749 XV,
959 3691 1009 3742 122
1049 3689 1155 3740 Cnseiue
1163 3686 1232 3758 fru-

44 3765 154 3816 scetere
174 3763 300 3824 etiamsi
319 3781 385 3836 opus
404 3773 477 3823 esset,
498 3773 523 3812 et
542 3759 630 3812 auclo-
657 3761 819 3812 mentoricm
856 3779 911 3814 rem
949 3764 1214 3834 aspernabatur
1220 3781 1233 3827 ,·

49 3843 109 3892 cia.
153 3837 206 3891 Fet
225 3837 313 3910 igitur
329 3852 449 3906 uenture
465 3837 552 3888 Multo
573 3854 630 3887 mo·
658 3853 715 3920 eegr
731 3825 848 3888 Servilia
866 3837 1034 3890 sublaturum
1058 3857 1090 3890 ex
1109 3841 1137 3891 S.
1156 3840 1185 3890 C.
1205 3857 1233 3890 ιι

47 3917 149 3968 lectius
169 3926 207 3965 ιιι
226 3915 360 3987 ejusmodi
378 3913 540 3986 obsequium,
555 3909 632 3984 quod
660 3930 712 3964 esse
729 3911 845 3964 dicebat.
870 3921 900 3964 et
915 3926 970 3982 pro
990 3913 1075 3966 Roee.
1091 3911 1155 3966 Am.
1177 3921 1231 3972 53:

49 3992 222 4042 ——einit
241 4002 291 4044 etc.
332 3977 631 4057 conjunctivoeutem
658 3989 731 4040 hanc
756 3986 1028 4058 (proscriptionem)
1057 4009 1135 4048 vero,
1161 4007 1232 4062 quoe

45 4083 115 4122 non
132 4081 209 4136 opus
222 4074 273 4129 eet,
282 4065 521 4135 eujuenotionem
539 4061 633 4115 invol·
659 4062 699 4116 cd
718 4081 809 4116 eorum
828 4065 942 4127 liberos,
974 4078 1055 4138 atque
1082 4065 1231 4134 insontium

26 4155 102 4200 'vat
131 4142 196 4214 ipse
211 4141 291 4196 vocis
307 4145 373 4215 cinit
395 4137 575 4214 significatio·
596 4163 630 4176 -
656 4155 805 4213 puerorum
824 4139 991 4192 incmznbule
1008 4142 1140 4212 pertinet,
1178 4142 1234 4195 ηἰιί

27 4223 99 4298 'qul'
122 4231 152 4272 et
173 4219 312 4272 veritatem
331 4238 404 4290 asp,
436 4230 460 4268 et
488 4219 518 4269 in
528 4213 574 4286 fr.
595 4244 630 4257 -
659 4215 712 4268 hoc
735 4215 848 4287 judicio
876 4233 897 4269 u
935 4217 1007 4268 vobis
1041 4219 1168 4290 rejicitis,
1207 4227 1234 4270 et

46 4295 223 4371 impellitur)
255 4292 529 4349 illalehuncloeurn
545 4289 632 4342 inter·
661 4293 910 4362 aspernamini
921 4325 930 4354 ‚
967 4289 1071 4356 videte,
1094 4312 1144 4365 per
1169 4293 1234 4346 deos

29 4381 217 4446 'pretentur
247 4369 422 4444 interpretes
453 4367 514 4422 eie:
555 4365 630 4418 Max.
659 4369 840 4430 immortales,
869 4369 997 4441 quem'in
1016 4370 1105 4420 locum
1125 4387 1232 4440 rempu-

30 4449 150 4521 culpa
168 4445 200 4500 in
224 4462 261 4504 eo
283 4445 337 4512 ιιι,
356 4445 407 4519 qui
430 4455 460 4499 et
478 4442 633 4498 veritatem
662 4443 759 4495 blicam
776 4455 968 4514 perventuram
986 4447 1093 4516 putetis.
1134 4445 1231 4499 Voce·

31 4523 166 4602 {audire
193 4538 252 4584 nou
273 4523 338 4580 vult
365 4533 395 4578 et
424 4518 566 4596 obsequio
594 4533 631 4573 eo
662 4515 764 4578 bulum
777 4517 864 4591 srcue
890 4533 946 4591 pro
957 4519 1080 4593 saticula
1100 4520 1234 4574 velmen·
1308 4585 1311 4595 .

1019 4589 1086 4676 6*
