2878 5042
234 225 331 370 ω’
638 279 990 356 nanetus

154 492 159 501 ·
231 477 287 542 res
307 454 605 540 constantioresque
626 452 819 518 admouendi
840 469 921 531 sunt,
941 469 977 518 ut
996 455 1134 518 animum
1154 453 1344 531 advertant,
1367 477 1410 520 ne

232 562 348 628 callida
368 561 581 625 assentatione
611 561 784 644 capiantur.
837 562 961 644 Aperte
989 542 1075 624 enini
1101 560 1284 623 adulantem
1305 581 1407 642 nemo

232 688 299 732 nou
320 667 419 742 videt,
442 667 506 730 nisi
529 668 584 751 qui
605 665 773 730 admodum
795 680 846 729 est
867 685 1001 730 excors:
1040 664 1174 728 callidus
1208 666 1265 728 ille
1292 682 1332 731 et
1357 689 1401 730 oe

233 774 340 836 cultus
358 793 399 835 ne
424 793 459 835 se
481 773 634 848 insinuet,
643 774 785 838 studiose
808 773 985 836 cavendum
1006 787 1065 836 est.
1110 775 1177 834 Nec
1198 773 1289 834 enim
1314 774 1396 836 facil

230 877 308 942 lime
330 877 523 962 agnoscitur,
539 880 659 964 quippe
682 880 736 964 qui
759 877 1073 943 etiamadversando
1091 898 1186 962 saepe
1207 893 1404 954 assentetur,

233 997 266 1047 ct
285 983 413 1068 litigare
436 1005 471 1046 se
494 985 649 1048 simulans
673 986 854 1050 blandiatur
876 992 972 1071 atque
1002 984 1043 1046 ad
1063 999 1239 1046 extremum
1262 985 1328 1048 det
1350 1005 1404 1046 ma-

232 1109 293 1150 nus
312 1088 462 1173 vincique
485 1111 520 1154 se
541 1092 697 1174 patiatur,
740 1105 775 1154 ut
796 1091 841 1166 is,
876 1091 932 1175 qui
954 1091 1067 1152 illusus
1089 1090 1144 1165 sit,
1182 1090 1257 1172 plus
1284 1089 1404 1154 vidisse

233 1191 391 1256 rideatur.
437 1193 524 1288 Quid
546 1210 654 1259 autem
673 1196 818 1280 turpius,
852 1217 944 1281 quam
966 1193 1084 1291 illudi?
1137 1194 1237 1289 Quod
1254 1218 1303 1260 ne
1327 1197 1406 1260 acci·

234 1296 298 1374 dat,
321 1298 423 1382 magis
445 1298 621 1382 cavendum
645 1314 703 1374 est,
725 1313 760 1362 ut
781 1300 815 1361 in
835 1299 1006 1383 Epiclerot

315 1428 412 1489 Hodie
432 1451 478 1490 me
499 1442 571 1508 unte
593 1451 690 1490 omnes
714 1437 837 1490 comicos
861 1430 967 1504 stultos
988 1453 1071 1520 scum

225 1534 227 1543 '
323 1533 454 1596 lsersaris
476 1547 565 1620 atquc
596 1533 721 1596 illuseris
743 1535 918 1608 lautissime,
939 1569 982 1584 -

229 1709 232 1727 ¹
262 1727 299 1774 99.
327 1715 459 1762 acernae
486 1715 555 1762 esu.
585 1737 629 1751 -t
668 1715 845 1760 aucmenta
872 1717 957 1762 usur.
988 1741 1015 1770 ,-

137 2077 139 2086 1
235 2037 289 2093 quo
321 2019 508 2084 excordes,
535 2017 707 2073 vecordes
726 2037 806 2072 con·
833 2021 915 2075 mode
935 2031 969 2076 'se
1001 2041 1051 2076 res
1068 2024 1163 2090 dab'et,
1188 2042 1247 2078 non
1274 2027 1388 2087 estilota,

235 2093 417 2170 cordesque
435 2097 576 2150 dicuntur.
594 2121 637 2134 ι-
677 2095 804 2162 callidus)
834 2117 938 2170 quum
965 2096 1077 2154 dudum,
1115 2101 1216 2156 Potest
1240 2112 1392 2156 autemus

177 2219 180 2237 ,
235 2169 255 2224 i.
270 2189 295 2226 e.
309 2172 430 2227 multum
444 2172 474 2226 in
486 2169 654 2229 adulatione
665 2181 813 2224 versatus,
833 2184 894 2227 stro
916 2174 987 2228 loco'
1001 2176 1076 2229 ratio
1095 2175 1235 2248 quaedam
1256 2178 1347 2231 reddi
1360 2179 1397 2230 hu·

236 2263 328 2304 nec-
334 2249 482 2320 sacillaiue)
506 2246 536 2301 vi
554 2245 707 2318 negatione
723 2257 805 2302 aucta
834 2248 878 2317 jus
911 2266 979 2304 usus
1016 2251 1238 2320 insolentioris,
1282 2268 1401 2325 namque

235 2341 292 2397 pro
317 2323 490 2397 difficillime.
529 2350 565 2363 -
604 2326 701 2397 quippe
714 2325 805 2395 quin
835 2323 939 2382 eodem
964 2325 1067 2392 modo,
1085 2346 1144 2400 quo
1167 2348 1223 2382 uon
1241 2332 1339 2399 magis
1365 2327 1403 2382 ad.

238 2401 377 2471 videatur)
415 2395 564 2454 Notaudus
580 2397 666 2467 hujus
684 2397 743 2452 loci
756 2415 808 2452 nu·
835 2400 953 2456 hibetur
976 2419 1036 2474 pro·
1055 2405 1133 2468 item,
1157 2405 1187 2458 h.
1207 2402 1226 2456 Ι.
1254 2409 1355 2475 magle
1373 2403 1408 2457 di-

236 2494 333 2535 merus
361 2477 391 2532 in
421 2473 612 2530 describendo
631 2485 806 2544 assentatore
836 2487 912 2532 etum
932 2488 976 2532 eat
994 2496 1049 2550 pro
1068 2500 1127 2534 non
1144 2480 1209 2534 item.
1225 2505 1259 2522 -·-
1309 2500 1408 2534 versa·

226 2553 482 2628 ·elagantissiraua;
507 2569 566 2623 quo
587 2548 656 2604 facit
675 2561 704 2604 at
721 2551 807 2620 Poly·
835 2557 874 2607 ris
888 2567 975 2627 utque·
983 2559 1147 2627 emunxeris)
1159 2551 1368 2625 supplendum
1378 2554 1408 2609 sd

237 2630 379 2700 syndeton
409 2641 440 2681 et
470 2630 544 2698 [ἱείς.
573 2658 609 2671 -
640 2639 745 2699 atque
769 2626 809 2680 ad
834 2628 906 2682 haec
927 2629 1003 2684 Fue.
1026 2635 1141 2686 exacte
1155 2629 1308 2695 Gouiunct.
1343 2649 1407 2684 cou-

238 2721 307 2762 επεν.
328 2733 364 2746 -
394 2704 551 2775 vincique,
578 2711 608 2756 et
632 2702 807 2757 Homoeotea
836 2703 983 2762 ditionalis
1008 2711 1046 2771 si,
1076 2706 1150 2780 quae
1171 2703 1244 2760 haud
1268 2721 1348 2768 raro
1376 2705 1407 2760 ab

207 2785 208 2788 ’
237 2782 340 2838 leuton
366 2779 529 2834 blandiatur
555 2808 591 2821 -
621 2779 748 2851 patiatur
772 2808 807 2822 -
836 2780 881 2835 his
902 2783 1098 2853 Temporibus
1110 2783 1210 2838 abesse
1227 2782 1315 2836 solet.
1359 2781 1409 2838 lli·

202 2906 205 2911 .
240 2859 376 2915 videatur.
415 2883 450 2896 -
490 2854 644 2908 cavendum
663 2867 722 2917 est,
736 2867 765 2906 ut
780 2853 809 2908 in
838 2857 882 2912 nis
901 2868 996 2914 autem
1016 2876 1119 2915 cavare
1145 2858 1210 2914 vult
1234 2857 1284 2912 illa
1313 2875 1407 2920 senex,

238 2935 350 3008 Eptcd)
371 2931 449 2985 Cdve
480 2930 551 2984 haec
581 2929 620 2985 ila
647 2928 811 3002 inteiligas,
838 2949 875 2988 ne
903 2950 920 2988 a
951 2951 1037 2988 servo
1069 2933 1239 2999 deludatur,
1268 2944 1304 2988 ut
1332 2936 1404 2990 Simo

239 3009 321 3084 quasi
341 3007 472 3078 scriptor
485 3003 672 3078 sequentibus
690 3004 810 3060 Pacuvii
839 3009 917 3082 apud
936 3011 1053 3067 Terent.
1067 3011 1191 3066 minatur
1209 3013 1307 3078 Davo,
1324 3011 1402 3066 Andr.

238 3084 391 3141 versiculis
405 3080 686 3154 tamquamexemplo
699 3079 810 3145 doceat,
838 3085 868 3153 l,
891 3096 918 3148 2.
937 3093 994 3148 252

240 3160 432 3236 quaerentia,
446 3175 482 3212 ne
497 3156 632 3221 illudere,
649 3155 814 3210 adhibenda

239 3239 286 3294 sit·
324 3238 388 3292 Iino
410 3233 549 3298 deterret,
567 3251 602 3286 ne
617 3233 647 3286 iu
662 3233 710 3288 tali
725 3249 807 3304 prae·
876 3239 908 3292 Si
936 3257 1041 3292 samaro
1068 3237 1173 3302 lodie,
1194 3238 1352 3311 quidm
1371 3239 1392 3288 la

240 3312 375 3368 cautione
389 3309 546 3382 improvidi
560 3310 637 3364 illius
656 3309 732 3362 sanis
746 3324 817 3381 perg
1014 3311 1018 3334 ¹
1048 3313 1090 3366 lul
1108 3327 1133 3366 te
1153 3316 1256 3386 nuptiis

239 3406 340 3445 sonam
369 3397 494 3461 agamus,
517 3447 519 3456 .
540 3383 684 3466 Quocirca
710 3385 803 3440 verba
876 3413 1015 3468 polheim
1038 3413 1139 3467 mm·
1171 3443 1175 3450 .
1249 3413 1338 3486 fiam
1363 3411 1403 3466 mi,

239 3480 270 3522 ut
293 3468 323 3520 in
342 3467 468 3537 Epielero
489 3459 526 3516 ad
552 3463 628 3536 quod
646 3481 684 3514 ne
699 3462 810 3516 accidat
1046 3507 1097 3542 nm
1142 3450 1151 3477 '
1182 3431 1236 3496 qim

238 3538 395 3602 referenda
415 3549 490 3602 sunt,
503 3547 552 3606 aut
569 3535 709 3592 a'ervanda'
721 3536 809 3592 lectio
953 3538 957 3548 ’
1104 3525 1113 3554 ’

239 3617 319 3692 vulg.
342 3619 430 3686 magis
455 3613 602 3668 cavendum
631 3627 677 3666 est.
718 3614 810 3693 Quam
1162 3667 1168 3678 ,
1202 3663 1205 3666 .
1235 3684 1239 3690 ¹

238 3693 264 3750 si
277 3705 377 3748 tueare
392 3689 555 3754 lectionem,
569 3689 810 3760 Coniunctionem
1046 3685 1082 3718 ⁸¹³
1102 3665 1234 3728 “ammi

239 3783 269 3824 ut
290 3787 344 3841 pro
367 3786 448 3843 quam
467 3764 627 3819 adhibitam
648 3764 745 3833 dicas3
769 3764 810 3819 sic
878 3763 1038 3818 Verberibus
1056 3783 1160 3819 caesum
1174 3776 1199 3816 te
1214 3763 1408 3836 depulerinum,

239 3845 346 3901 Graeci
359 3853 430 3916 post
442 3841 679 3913 Comparativum
700 3839 738 3904 uic
752 3857 807 3913 pro
1047 3842 1133 3907 Dave,
1154 3839 1251 3892 dedam
1270 3859 1356 3914 usquc
1376 3835 1408 3892 ud

238 3921 256 3990 ἢ
278 3930 427 3991 usurpant.
460 3918 652 3972 Cicerocum
672 3917 808 3989 Superio-
1046 3935 1152 3982 aecem,

238 3998 302 4054 tivo
324 4006 401 4052 certe
421 4011 477 4066 pro
498 4014 579 4070 quam
592 3994 684 4062 junxit
703 4007 733 4048 ut
753 4009 810 4065 pro
1080 3997 1083 4004 ’

241 4072 384 4129 Cluentio.
423 4073 493 4124 Tum
511 4073 629 4144 appellat
651 4073 737 4124 hilari
754 4071 811 4124 vrti-
840 4064 977 4121 Celerum
1005 4067 1120 4120 illuseris
1154 4061 1223 4118 (ledi
1254 4074 1319 4120 lum
1349 4079 1401 4117 cult

239 4164 271 4205 tu
290 4151 422 4206 domuum
448 4148 548 4200 Bulbus
578 4160 616 4200 ut
641 4146 811 4200 blandissime
838 4154 976 4215 respectu
994 4141 1078 4195 verbi
1099 4143 1181 4195 illudi
1193 4142 1224 4194 in
1239 4139 1338 4195 Laelii
1356 4155 1398 4194 scr·

236 4238 333 4302 potest.
369 4223 418 4279 Sic
437 4221 563 4276 vicissim
592 4235 622 4276 ut
649 4239 704 4294 pro
730 4239 811 4296 quam
840 4209 927 4274 risone
953 4216 1154 4284 antecedenti,
1179 4229 1239 4272 tum
1268 4217 1355 4289 quod
1371 4225 1422 4273 acl

238 4299 346 4376 posuit.
385 4301 463 4354 Fam.
487 4298 567 4353 XlV.
597 4306 649 4356 12:
693 4297 725 4352 ul
752 4311 812 4351 erat
841 4293 975 4350 codicum
991 4295 1159 4368 corruptela
1172 4293 1279 4350 ducere
1294 4291 1405 4350 videbe·

239 4377 379 4454 quotidem
397 4376 686 4458 quasi'necesse,rumc
701 4393 811 4448 quoquo
840 4381 897 4428 tur.
1420 4435 1421 4527 1

875 3590 935 3645 Aut
954 3589 1017 3642 velle
1036 3590 1116 3642 inea
1134 3585 1166 3641 η’
1180 3587 1307 3654 osterrdi,
1332 3603 1405 3662 quun
