2878 5042
307 307 312 326 ·
405 280 555 352 muax
605 259 909 356 arescamus.
988 337 989 344 r
1163 295 1229 367 stt

143 455 241 530 aliqui
259 449 420 528 prodidere
439 455 607 523 memoriae,
623 465 746 512 mortam
758 441 856 526 ‘obiit3
883 459 971 514 vitam
989 469 1075 514 ‘certe
1106 455 1235 532 dignissi-

143 549 223 586 mam
244 531 312 607 egit,
333 545 407 604 qaae
427 531 538 586 nullius
554 531 591 588 ad
610 532 640 588 id
659 534 801 605 temporis
821 547 1022 609 praeterquam
1042 535 1120 590 avito
1141 535 1236 609 ialge-

143 625 181 662 re
201 609 380 662 vinceretur.
419 607 549 664 Decessit
567 624 642 665 anne
663 607 755 664 ferme
774 609 870 678 LVI.;
897 611 934 666 de
958 628 1017 685 quo
1046 613 1070 666 ti
1095 612 1159 685 quis
1178 628 1235 665 am·

143 684 244 758 biget,
260 681 405 738 'recurrat
431 681 465 737 ad
488 683 619 758 priorem
644 685 823 740 consulatum
851 686 928 754 eius,
955 686 994 742 in‘
1013 705 1099 761 quem
1124 699 1236 743 creatus

48 761 51 768 ’
146 771 192 816 est
213 777 291 815 aune
313 759 449 816 XXXVI:
470 760 509 815 ita
528 759 661 816 dubitare
682 759 802 818 desinet.
833 781 836 790 ·
1065 785 1069 792 ¹
1152 783 1155 792 ·

57 934 327 1010 sominare.
349 955 373 988 a.
397 945 421 994 1.
443 919 466 1006 s:
487 929 521 1026 q.
547 936 590 991 er.
618 937 692 990 niv.
713 938 809 1008 apsi.
828 939 968 994 axxvu.
1007 941 1101 1019 Quam
1120 941 1151 993 e.
1172 940 1236 998 sut-

136 1012 241 1085 ¹picius
261 1012 394 1067 tribunus
415 1011 524 1084 plebis,
545 1023 665 1069 auctore
686 1015 719 1070 C.
740 1013 850 1078 Mario,
871 1015 1050 1086 perniciosas
1070 1016 1147 1088 leges
1167 1033 1237 1088 pro·

147 1089 317 1161 mitigasset,
348 1089 510 1144 utexsules
530 1099 757 1153 revocarentur,
788 1101 817 1144 et
842 1087 911 1145 aovi
943 1091 1021 1147 cives
1046 1089 1236 1165 libertinique

55 1223 62 1230 ,
146 1163 408 1219 distribuerentur.
430 1166 459 1218 in
485 1163 594 1229 tribue,
630 1177 660 1221 et
682 1177 715 1221 ut
744 1167 852 1220 Marius
876 1164 1015 1222 adversus
1040 1167 1237 1222 Mithridatem

144 1241 232 1296 Ponti
268 1257 366 1313 regem
398 1240 455 1294 dur
488 1251 656 1305 crearetur,
689 1252 718 1296 et
749 1240 969 1304 adversantibus
1003 1243 1170 1316 consulibus
1202 1246 1237 1324 Q.

143 1318 290 1388 Pompeio
313 1328 343 1370 et
361 1315 394 1370 Ιι.
423 1315 521 1372 Sullae
540 1317 599 1372 vim
618 1317 776 1383 intulisset,
796 1319 891 1375 occiso
918 1319 952 1400 Q.
971 1317 1111 1396 ιΡοιιιριῐο
1136 1338 1237 1375 consu·
1320 1377 1323 1386 ‚

143 1393 182 1448 lis
202 1391 281 1456 lilio,
301 1409 409 1463 genero
431 1393 549 1449 Sullae:
570 1392 603 1446 L.
625 1393 706 1449 Sulla
730 1393 830 1450 consul
849 1412 913 1448 eum
933 1395 1060 1449 exercitu
1083 1395 1112 1448 in
1128 1395 1237 1450 Urbem

144 1468 244 1534 veuit,
269 1479 299 1523 et
319 1466 458 1524 adversus
479 1469 634 1524 factionem
652 1468 774 1542 Sulpicii
801 1481 830 1524 et
847 1469 933 1524 Marii
956 1471 1066 1543 ia‘ipsa
1085 1471 1160 1538 urba
1186 1490 1237 1544 pu·

146 1545 255 1618 gnarit,
277 1561 396 1617 eamque
416 1545 534 1616 expulit,
558 1549 668 1619 exque
691 1544 881 1601 duodecima
904 1559 1004 1602 senatu
1027 1547 1134 1612 hostes,
1162 1548 1238 1603 inter

146 1637 220 1694 quos
248 1621 281 1676 C.
307 1621 417 1675 Marius
442 1633 580 1694 pateret
609 1621 704 1686 filius,
737 1619 857 1691 judicati
890 1633 965 1677 suat.
986 1685 990 1700 Ι
1015 1623 1047 1678 Ρ.
1081 1621 1237 1696 Sulpicius,

146 1715 234 1769 quum
269 1696 299 1750 in
333 1697 456 1769 quadam
484 1696 553 1760 villa
578 1698 702 1762 lateret,
733 1697 842 1753 iudicio
868 1699 947 1754 servi
974 1698 1017 1752 sui
1043 1709 1185 1754 retractus
1210 1709 1239 1756 et

146 1773 257 1828 eccisus
279 1784 330 1828 est.
351 1773 444 1838 Veli.
466 1775 538 1828 Pet.
560 1771 678 1834 11:18.
717 1774 757 1848 Ρ.
771 1768 928 1848 Sulpicius,
947 1773 1016 1829 trib.
1037 1775 1115 1848 pleb.
1135 1775 1238 1830 dieser·
1319 1785 1326 1804 ⁶

144 1861 206 1914 tus,
228 1867 310 1913 acer,
341 1849 462 1921 opibus,
483 1849 588 1924 gratia,
607 1849 757 1914 amicitiis,
783 1849 1017 1924 vigore·ingenii
1045 1862 1130 1924 etque
1150 1850 1238 1906 animi

144 1915 371 2001 bclebcrrimus,
416 1944 480 1980 oum
509 1937 593 1980 antea
624 1926 783 1982 rectissima
812 1928 960 2002 voluntate
991 1926 1069 1998 apud
1097 1929 1239 2000 populum

109 2047 111 2054 .
144 2002 296 2058 maximam
315 2001 472 2074 quaesisset
495 2001 675 2074 dignitatem,
702 2001 782 2074 quasi
805 2003 920 2076 pigeret
940 2021 1005 2056 euna
1024 2003 1253 2058 virtutemne-¹

146 2094 228 2144 rum„
248 2089 277 2132 et
297 2076 370 2132 bene
396 2079 526 2133 consulta
554 2077 582 2134 ei
607 2079 681 2132 male
701 2078 849 2144 cederent,
872 2077 969 2132 subito
983 2095 1090 2150 pravus
1115 2092 1238 2153 etprae-

133 2147 226 2224 'ceps‚
247 2153 279 2208 C.
298 2154 392 2208 Mario
417 2167 482 2228 post
506 2155 579 2210 LXX
604 2171 709 2208 aunum
734 2155 830 2210 urnula
855 2153 977 2228 imparia
995 2166 1023 2208 ct
1044 2173 1142 2210 omnes
1170 2173 1237 2228 pro-

146 2228 257 2282 viaeias
282 2230 493 2304 concupiscenti
522 2229 646 2294 addixit,
676 2232 827 2304 legemque
851 2229 887 2284 ed
911 2232 1054 2302 populum
1081 2231 1162 2295 tulit,
1181 2248 1237 2304 qua

147 2305 247 2360 Sullae
274 2304 424 2376 imperium
454 2307 664 2381 abrogaretur,
704 2305 736 2360 G.
766 2305 860 2374 Mario
889 2305 999 2378 bellum
1029 2305 1238 2362 decerneretur

147 2379 373 2434 Mithridaticum
383 2399 392 2449 3
426 2385 553 2456 aliasque
578 2383 655 2457 leges
681 2383 860 2454 perniciosas
884 2394 912 2437 et
933 2381 1111 2448 exitiabiles,
1141 2401 1235 2455 neque

144 2456 311 2512 tolerandas
340 2457 449 2514 liberae
479 2459 589 2514 civitati
617 2459 701 2514 tulit:
735 2460 806 2532 quin
838 2459 924 2513 etiem
951 2460 983 2549 Q.
1008 2451 1141 2532 Pompeis
1168 2458 1234 2513 Cos.

141 2532 249 2598 filium,
284 2535 467 2609 eundemque
504 2536 608 2592 Sullae
637 2551 791 2610 generum,
822 2553 878 2608 per
912 2534 1075 2591 emissarios
1102 2535 1236 2591 sectionis

139 2625 211 2663 suae
235 2609 391 2666 interiecit.
431 2645 438 2668 s

59 2759 286 2833 Superbus,
326 2761 387 2817 vid.
422 2762 660 2836 Tarquinius.
728 2791 746 2806 ·-

631 3013 687 3112 u
742 3093 745 3096 .

57 3237 304 3310 Tarquinius
325 3235 534 3312 Superbus,
556 3255 579 3294 e.
601 3247 627 3300 8.
656 3237 679 3308 1.
698 3245 750 3299 28.
769 3256 794 3292 e.
817 3246 868 3299 15.
889 3238 911 3309 5.
933 3237 1020 3307 53.;'
1042 3237 1088 3292 ei.
1109 3239 1190 3294 aiv.
1210 3241 1234 3296 1.

138 3321 194 3382 49.
230 3315 303 3370 lade
323 3318 356 3374 L.
377 3315 552 3388 Tarquinius
581 3331 704 3388 regnare
728 3315 859 3388 occepit,
891 3315 937 3370 cui
958 3315 1103 3388 ,Superbo
1129 3334 1235 3388 eogno-

139 3407 206 3444 meu
231 3392 304 3448 lacta
331 3393 515 3457 indiderunt,
541 3393 610 3464 quia
633 3408 767 3446 socenun
792 3409 882 3466 gener
903 3392 1053 3463 sepultura
1073 3391 1234 3463 probibuit,
1301 3449 1303 3456 ,

139 3469 294 3524 Remulum
315 3488 433 3544 quoque
456 3468 630 3540 insepultum
644 3467 753 3539 perisse
772 3466 904 3523 dictitans
910 3486 920 3537 3
942 3468 1087 3541 primores
1106 3469 1234 3535 Petrum,

140 3561 214 3616 quos
236 3547 332 3601 Servii
362 3547 450 3600 rebus
472 3544 576 3600 lavisse
596 3542 749 3609 credebat,
776 3544 938 3612 interfecit3
966 3545 1097 3598 conscius
1117 3543 1233 3609 deinde,

138 3618 214 3674 mala
239 3623 400 3695 quaerendi
424 3622 511 3694 regui
538 3621 631 3676 abeo
661 3621 724 3691 ipso
751 3619 890 3674 adversus
915 3637 945 3674 te
975 3621 1138 3691 exemplum
1168 3621 1233 3692 capi

136 3711 238 3768 posse,
266 3700 382 3754 armatis
413 3715 520 3769 corpus
549 3695 758 3768 circumsepsit.
799 3698 899 3768 Neque
923 3694 999 3750 onim
1026 3695 1062 3750 ad
1088 3697 1132 3750 ius
1151 3697 1233 3770 regni

132 3771 296 3846 'quidquem
328 3786 446 3846 praeter
475 3773 532 3828 vim
561 3772 703 3839 babebat}
736 3784 767 3827 ut
804 3772 854 3845 qui
881 3789 976 3844 neque
1005 3772 1108 3843 populi
1142 3772 1232 3840 jussu,

77 3887 84 3908 ,
134 3866 232 3922 neque
251 3849 421 3905 auctoribus
447 3849 581 3904 Patribus
604 3858 747 3921 regnaret.
793 3849 836 3902 Eo
861 3847 1033 3920 accedebat,
1059 3859 1091 3902 ut
1110 3849 1141 3902 iu
1160 3849 1232 3902 cari·

134 3935 194 3980 tate
219 3924 326 3982 civium
349 3925 422 3980 nihil
453 3923 515 3996 spei
542 3923 695 3998 reponenti
718 3935 797 3978 metu
820 3941 942 3998 regnum
967 3923 1115 3978 tutandum
1142 3936 1230 3980 esset:

134 4017 223 4074 quem
247 4013 280 4056 ut
301 4000 436 4074 pluribus
466 4001 623 4066 incuteret,
652 4000 832 4073 cognitiones
859 3997 1026 4070 capitalium
1045 4015 1145 4052 rerum
1169 4001 1231 4055 siae

135 4077 266 4132 consiliis
293 4097 347 4152 prr
370 4095 400 4134 ae
427 4077 505 4132 solus
526 4076 693 4132 exercebat:
715 4093 827 4148 perque
847 4093 909 4128 eam
937 4091 1065 4152 causpam
1085 4074 1231 4142 cecidere,

135 4153 167 4208 in
185 4152 316 4208 exsilium
329 4171 436 4229 egere,
460 4153 545 4207 bonis
560 4153 684 4207 multare
705 4162 821 4223 peterat
838 4168 898 4205 uon
916 4161 1065 4223 suspectos
1078 4149 1166 4206 modo
1182 4163 1233 4208 aut

134 4227 262 4294 invises,
287 4231 339 4286 ted
367 4230 444 4288 unde
469 4229 540 4283 nibil
561 4228 656 4294 aliud,
684 4245 770 4300 quam
800 4226 956 4300 praedam,
980 4217 1099 4300 ‘sperare
1124 4240 1230 4298 posset.

135 4315 171 4360 et
191 4305 279 4360 ibid.
300 4315 354 4367 60.
395 4309 504 4362 Harum
523 4323 623 4360 rerum
643 4303 751 4358 nuntiis
771 4304 800 4358 iu
827 4315 920 4358 castra
936 4302 1073 4374 perlatis,
1091 4321 1179 4375 quum
1198 4321 1230 4359 re

133 4397 213 4436 nora
247 4383 379 4456 trepidus
404 4401 455 4438 rex
484 4391 621 4458 pergeret
645 4382 768 4436 Romam
795 4379 832 4436 ad
863 4377 1099 4452 comprimendos
1125 4390 1230 4444 motus,
