2878 5042
355 281 431 354 nn
472 282 752 374 aunum
792 283 909 358 oar.
934 293 996 368 aa.
1179 255 1259 370 ”m

75 457 280 523 inimicitiae
302 455 397 520 etiam
420 439 587 540 susceptae
606 457 785 522 videantur.
807 457 896 522 Nibil
910 440 997 522 enim
1013 460 1149 544 turpius,
1165 481 1260 546 quam

80 585 163 628 cum
187 551 230 628 eo
252 563 374 628 bellurn
395 583 530 646 gerere,
566 563 694 648 quicum
713 564 917 628 familiariter
936 564 1066 630 vixeris.
1109 567 1160 630 Ab
1181 569 1259 630 emi·

8 675 9 678 ’
81 672 169 734 citia
191 671 234 768 Q.
257 668 404 750 Pompeii
426 688 499 730 meo
520 669 650 732 nomine
672 687 708 744 se
728 685 929 745 removerat,
951 684 986 733 ut
1006 673 1110 748 scitis,
1133 673 1242 756 Scipio
1249 696 1260 756 ς

86 790 232 858 propter
252 774 490 837 dissensionem
511 789 624 849 autem,
647 794 731 859 quae
751 775 875 838 eratin
894 777 1088 859 republica,
1106 776 1261 844 alienatus

91 893 146 942 est
166 902 184 942 a
204 880 329 964 collega
350 894 463 942 nostro
484 881 637 944 Metello:
667 893 837 965 utrumque
859 883 927 966 egit
947 883 1100 967 graviter,
1123 883 1259 947 auctori·

90 999 160 1048 tate
191 999 224 1048 et
251 984 434 1082 offensione
461 987 559 1048 animi
586 1007 653 1048 non
687 986 811 1049 acerba.
875 988 1091 1083 Quamobrem
1118 989 1256 1076 primum
1279 983 1318 1044 73
1353 1011 1355 1018 ’

91 1091 203 1154 danda·
220 1113 321 1176 opera
343 1107 401 1168 est,
421 1111 465 1156 ne
488 1113 550 1177 qua
571 1091 900 1188 amicorunpdissidia
921 1092 1018 1158 iiantr
1044 1096 1095 1158 sin
1115 1097 1180 1158 tale
1200 1097 1259 1183 ali·

33 1195 38 1204 '
83 1199 174 1285 ,quid
194 1199 362 1292 evenerit,
398 1215 434 1262 ut
455 1201 629 1263 exstinctae
650 1199 758 1281 potius
780 1199 938 1264 amicitiae
967 1222 1061 1290 quam
1083 1222 1259 1285 oppressae

82 1325 164 1367 esse
184 1304 366 1368 videantur.
420 1304 603 1368 Cavendum
622 1325 719 1379 vero,
750 1325 791 1366 ne
814 1303 909 1366 etiarn
931 1305 965 1367 in
986 1326 1100 1390 graves
1123 1307 1260 1382 inimici-

83 1408 151 1472 tias
173 1425 364 1473 convertant
385 1431 419 1472 se
442 1410 619 1474 amicitiae:
643 1431 683 1473 eu
705 1411 820 1497 quibus
840 1411 954 1495 iurgia,
976 1393 1159 1486 meledicta,
1180 1432 1258 1475 con·
1289 1473 1292 1484 ,

87 1515 244 1578 tumeliae
259 1513 450 1600 'gignuntur
493 1517 584 1610 Quae
604 1533 709 1582 tamen
731 1517 758 1578 si
780 1518 966 1581 tolerabiles
976 1531 1083 1610 ¹erunt,
1104 1517 1259 1580 ferendae

94 1635 187 1702 sunt3
210 1637 242 1690 et
261 1621 314 1684 hio
335 1621 439 1684 honos
461 1624 745 1688 reteri’amicitiae
765 1622 975 1697 tribuendus,
1004 1639 1039 1686 ut
1060 1624 1088 1686 is
1110 1623 1153 1688 in.
1166 1623 1259 1706 culpa

90 1727 144 1800 sit,
167 1727 222 1812 qui
243 1727 355 1802 faciat,
378 1750 443 1792 non
459 1729 498 1805 is,
523 1731 577 1816 qui
598 1730 735 1813 patiatur
752 1729 911 1792 iniuriam.
954 1727 1096 1793 Onininc
1117 1729 1259 1792 omnium

86 1834 207 1896 borum
230 1835 383 1898 vitiorum
397 1849 492 1917 atquc
507 1825 784 1902 incommodorum
806 1857 868 1898 una
889 1837 993 1899 cautio
1016 1828 1066 1900 esi
1085 1850 1181 1922 atquc
1196 1833 1258 1900 u'na

86 1925 249 2024 provisio,
274 1955 308 2004 ut
326 1962 371 2003 ne
392 1940 488 2004 nimis
509 1942 573 2006 cito
595 1943 733 2028 diligere
753 1941 920 2026 incipiant,
940 1963 1111 2018 ceremon
1132 1941 1257 2027 dignos.
1299 1932 1303 1940 ’

135 2234 165 2320 S·
181 2256 227 2310 78·
241 2277 275 2292 -
297 2252 335 2298 Ν
354 2267 409 2304 om.
424 2271 476 2305 erae
491 2263 559 2322 post
574 2271 652 2324 appr.
672 2249 701 2304 b.
717 2251 755 2303 V.
771 2252 805 2306 fl.
826 2249 866 2304 M.
886 2249 920 2302 Β.
939 2277 975 2290 -
990 2253 1131 2324 exquibus
1146 2227 1257 2308 abidi}

143 2401 145 2409 Ι
212 2322 292 2378 Beda
308 2325 339 2378 Ia.
357 2327 385 2380 P.
406 2335 433 2386 3.
456 2326 490 2382 G.
510 2328 557 2412 B.
568 2359 603 2370 -
623 2329 737 2400 incipiat
759 2345 787 2382 v.
812 2357 847 2372 ·-
867 2327 1029 2399 incipiamus
1046 2329 1083 2384 V..
1103 2337 1129 2386 1·
1154 2337 1181 2388 2·
1251 2367 1255 2377 ·

91 2498 267 2569 serendum
292 2501 419 2573 pertinet
447 2502 522 2558 enim
542 2501 578 2558 ad
597 2517 661 2557 rer·
678 2501 770 2558 datio
799 2499 967 2557 sententiae.
1024 2503 1153 2574 iurgium
1182 2496 1259 2558 enim

87 2577 161 2632 burn
186 2577 340 2630 videantur.
362 2608 397 2624 -
437 2579 661 2655 quicumsamil.)
689 2578 787 2634 levior
804 2578 944 2651 quaedam
955 2589 1005 2632 est
1024 2578 1183 2634 verborum
1198 2573 1258 2635 cer·

89 2659 201 2730 quicum
215 2652 323 2708 dicitur
341 2653 371 2706 iu
389 2657 534 2710 communi
548 2666 662 2710 senten·
689 2656 771 2718 tatio,
779 2657 864 2710 etiam
877 2655 954 2710 inter
968 2654 1076 2712 amicos
1090 2667 1120 2710 et
1134 2656 1258 2726 fratres3

87 2731 147 2794 tia,
182 2739 243 2784 turn
269 2729 405 2800 inprimis
428 2732 459 2784 in
483 2731 659 2803 proverbiis.
690 2734 835 2784 maledicto
852 2743 945 2795 sunt„
961 2737 1035 2804 quae
1064 2733 1128 2804 quis
1147 2733 1190 2786 ira
1216 2733 1260 2786 in·

93 2835 129 2848 -
169 2827 223 2860 meo
243 2807 364 2874 nomina)
404 2807 423 2860 i.
439 2825 464 2862 e.
489 2825 552 2861 ntea
577 2824 662 2862 causa
693 2823 794 2861 census
814 2807 843 2859 in
863 2806 985 2860 alterum
1009 2807 1094 2876 jacit,
1123 2823 1260 2862 contume·
1306 2817 1309 2822 “

95 2881 151 2936 cir.
175 2883 285 2953 Zumpt.
303 2883 354 2937 Gr.
377 2899 400 2934 c.
421 2889 466 2950 84.
487 2881 509 2951 §.
529 2891 593 2946 679.
615 2884 663 2936 fin.
692 2885 836 2937 libantem
849 2882 1139 2938 iamaeinimicorurn
1152 2900 1259 2964 npcero

96 2987 123 3001 -
168 2962 223 3028 egit
241 2960 380 3028 graviter)
399 2957 418 3012 i.
447 2977 473 3015 e.
496 2969 528 3014 ut
547 2976 664 3033 gravem
693 2958 815 3014 student.
825 2957 1120 3031 Gir.chep.fr.1V:
1141 2961 1172 3013 si
1184 2963 1259 3033 jur·

89 3035 190 3089 virum
215 3033 308 3088 decet.
349 3065 384 3080 -
424 3057 481 3107 non
504 3037 624 3104 acerba)
645 3035 664 3090 i.
692 3049 798 3107 gant,
819 3037 1005 3090 benevolorum
1019 3039 1188 3090 concertatio
1202 3055 1260 3090 non

86 3127 114 3166 ο.
135 3127 197 3164 non
215 3110 315 3165 nimia.
610 3173 612 3180 Ι
693 3113 727 3165 lis
748 3113 921 3165 inimicorum
946 3115 1111 3184 jurgium
1144 3114 1258 3166 dicitur·

688 3197 718 3242 et
737 3204 792 3259 pro
813 3184 889 3240 Mur.
910 3191 945 3245 6:
966 3194 1058 3256 Quare
1078 3207 1141 3242 etun
1158 3189 1260 3244 utaris

125 3263 151 3332 ς.
170 3269 216 3323 78.
255 3262 444 3316 exstinctae·
460 3281 661 3337 quamopprer·
689 3266 868 3325 auctoritate„
883 3281 940 3314 non
959 3264 1044 3326 debas,
1058 3265 1103 3316 M.
1120 3266 1198 3328 Cute,
1211 3284 1259 3318 ar·

89 3343 157 3410 soe)
167 3339 225 3392 Res
248 3341 459 3408 exstinguuntur
477 3349 579 3394 natura
600 3353 660 3402 sua,
689 3345 779 3412 ripere
796 3339 1024 3392 maledictum
1050 3359 1083 3392 ex
1098 3341 1191 3403 trivio,
1210 3351 1260 3396 aut

88 3419 282 3490 opprimuntur
302 3414 342 3468 vi.
363 3413 529 3468 Similitudo
545 3413 662 3471 ducitur
690 3435 722 3468 eac
733 3433 892 3468 scurrarum
905 3416 999 3489 uiiquo
1013 3416 1154 3480 coricium
1174 3434 1260 3489 nequa

89 3493 128 3548 ab
152 3491 237 3563 igne;
257 3505 349 3561 euque
370 3507 437 3544 usus
458 3503 501 3546 est
522 3491 608 3544 etiem
631 3489 662 3542 in
691 3505 787 3545 temere
806 3493 940 3564 consulem
962 3493 1057 3564 popuii
1070 3494 1187 3544 Romam
1205 3493 1260 3546 rai·

87 3585 154 3640 cap.
171 3576 214 3630 19.
227 3564 262 3620 ds
278 3565 447 3621 Senectute:
485 3570 581 3641 Itaque
595 3567 663 3620 ado·
691 3581 807 3622 tutorem
832 3585 940 3623 rocus.
961 3565 1040 3622 etde
1065 3567 1145 3621 Oret.
1160 3567 1198 3630 11,
1211 3575 1258 3628 552

84 3648 217 3700 lescentcr
235 3643 307 3696 mori
323 3643 361 3694 sic
386 3644 528 3707 videntur,
554 3655 585 3696 ut
603 3661 662 3697 cum
690 3644 746 3698 Sed
768 3658 798 3696 ut
827 3647 857 3696 in
882 3645 1038 3696 Scaevolam
1066 3645 1203 3698 continuit
1226 3663 1260 3698 ca

87 3740 182 3796 aquae
202 3718 375 3772 multitudine
400 3723 439 3772 vir
450 3721 587 3790 fiammae
606 3739 660 3792 op·
691 3721 812 3782 Crassus,
833 3733 914 3791 atque
936 3720 982 3770 iilo
1003 3720 1210 3793 citerogeoere,
1228 3722 1260 3773 in

87 3797 284 3872 primiturt
313 3813 387 3847 senes
409 3807 497 3848 autem
515 3799 585 3848 sicut
608 3813 662 3848 suu
690 3815 746 3868 quo
770 3795 1259 3866 :tuliparumcontumeliarum

90 3884 201 3946 eponte,
223 3871 300 3922 uuida
322 3871 447 3924 adhibita
466 3875 513 3933 v'a',
539 3889 661 3928 consum·
689 3871 1018 3934 iner·ant,cuusami1iunt
1036 3870 1258 3942 disputationem·

91 3962 134 4002 tus
159 3949 234 4017 ignia
257 3949 521 4016 exstinguitur.
561 3977 596 3990 -
635 3965 662 3998 se
688 3965 741 4020 que
763 3949 844 4001 lusit:
863 3949 903 3998 sic
925 3948 955 3998 in
972 3949 1075 4007 Bruto,
1097 3965 1173 4020 quem
1193 3947 1258 4000 ode·

88 4023 242 4089 amicitiae)
281 4021 402 4076 Beierus
423 4021 471 4074 bas
496 4037 584 4076 voces
611 4019 661 4090 eii·
690 4037 746 4086 rat,
765 4037 790 4076 er
808 4041 885 4096 quam
903 4021 1017 4092 dignum
1039 4025 1257 4078 contumelia

86 4098 208 4156 ciendae
231 4108 337 4152 censet.
376 4099 441 4177 Quo
464 4095 541 4150 facto
570 4095 662 4151 omnis
683 4100 841 4174 judicabat,
861 4113 977 4172 utroque
996 4115 1095 4167 genere
1111 4100 1257 4170 pugnavit.

86 4173 203 4250 peribit
226 4174 384 4228 sententiae
407 4172 452 4227 vis
476 4171 640 4244 oppositiva
650 4190 661 4242 3
692 4207 727 4220 -
768 4179 851 4229 veteri
868 4176 964 4244 amic.)
985 4172 1004 4224 i.
1032 4189 1058 4226 o.
1079 4172 1168 4245 longo
1188 4184 1257 4230 tem·

86 4262 203 4312 tantum
219 4248 316 4315 abest,
347 4261 381 4306 ut
398 4265 463 4303 cum
479 4251 516 4304 V.
532 4251 568 4302 D.
589 4258 661 4304 stru-
690 4269 763 4325 pore
785 4253 949 4322 usurpatas,
969 4265 1027 4304 acu
1047 4249 1196 4320 pristinae.
1213 4263 1257 4296 ¹-
1291 4245 1300 4258 “

85 4323 372 4384 sturemabsurdam
396 4339 458 4380 esso
471 4323 608 4380 dicamus.
626 4355 660 4370 -
691 4342 721 4382 ut
740 4332 763 4382 is
783 4328 812 4380 in
832 4330 909 4401 culpi
928 4327 991 4396 ιω.)
1031 4324 1165 4397 Namqui
1185 4324 1257 4395 inju-

83 4407 198 4482 jurgia,
209 4403 366 4471 iamdicta,
385 4403 575 4472 commatice)
591 4400 661 4459 Gre-
691 4404 764 4460 riam
783 4401 890 4474 injuria
912 4419 972 4462 non
985 4411 1200 4468 uemuneratur,
1220 4401 1256 4458 ai·
