2878 5042
11 388 19 558 p
225 397 267 416 ἰ
377 435 378 440 s
643 375 1065 480 nunnius¹

198 565 202 570 ·
234 547 316 610 uatis
336 545 510 630 indulgens
534 547 742 632 praecipitem
762 548 896 612 amioum
913 549 995 612 ferri
1019 550 1104 613 sinit.
1147 551 1284 614 Maxima
1299 565 1404 615 auten
1427 577 1428 644 ᾗ

238 653 332 736 eulpa
348 652 382 714 in
406 673 446 716 eo
466 669 532 728 est,
560 652 614 738 qui
634 669 666 715 et
685 655 851 718 veritatem
872 661 1112 737 aspernaturi
1132 656 1168 717 in
1181 655 1333 718 fraudem
1350 659 1402 720 ob·
1427 645 1428 664 ¹

238 757 352 840 sequio
376 757 572 840 impellitur(
615 757 728 822 Omnis
757 761 856 843 igitur
877 761 935 822 hao
962 761 995 822 in
1019 782 1064 824 *re
1092 761 1238 824 habenda
1260 761 1351 825 ratio
1378 778 1398 823 et

238 862 405 944 diligentia
426 877 493 924 est:
515 863 661 944 primum,
680 881 715 927 ut
732 867 865 927 monitio
889 867 1078 942 acerbitate,
1098 865 1214 928 deinde
1237 880 1273 926 ut
1294 867 1402 927 obiur-

238 968 323 1051 gatio
349 968 539 1032 contumelia
568 984 682 1032 eareat
726 975 762 1032 ln
789 971 944 1056 obsequio
969 957 1074 1034 autam
1096 1008 1138 1018 -
1160 970 1313 1056 quoniam
1342 977 1400 1033 Te-

141 1085 145 1092 '
223 1073 385 1136 'rentiano
409 1073 509 1136 verbo
537 1074 685 1136 lubenter
708 1077 826 1138 utimur
853 1113 894 1126 -
926 1078 1055 1139 comitas
1082 1077 1180 1155 adsit3
1213 1079 1399 1151 assentatio,

237 1177 389 1240 vitiorum
408 1178 561 1254 adiutrix,
593 1183 707 1262 procul
735 1197 932 1254 amoveatur,
966 1203 1047 1268 qnae
1077 1204 1142 1248 nou
1167 1180 1261 1244 ruodo
1289 1183 1398 1256 amico,

193 1280 196 1287 ’
238 1284 355 1345 sedne
381 1284 486 1345 libero
506 1286 635 1368 quidem
653 1287 748 1372 digna
773 1302 839 1350 est:
862 1281 956 1350 aliter
973 1289 1058 1348 euim
1079 1308 1148 1348 eum
1175 1301 1331 1368 tyranno,
1348 1288 1399 1349 ali-

181 1395 221 1454 90
241 1404 292 1452 ter
312 1411 384 1452 uum
399 1391 507 1455 amico
527 1391 656 1456 vivitur.
700 1373 797 1458 Cuius
822 1409 925 1458 autem
944 1415 1036 1456 aures
1061 1394 1187 1458 veritati
1208 1391 1251 1456 ita
1277 1394 1399 1456 clausae

293 1586 331 1630 φ.
360 1575 503 1622 ventum
532 1575 576 1617 ou.

274 1875 297 1946 l·
319 1885 365 1940 90·
387 1906 433 2007 -Ξὶ
441 1890 557 2008 opprop-
574 1877 645 2010 {ber
661 1882 698 1938 V.
719 1890 745 1941 5.
767 1880 871 1954 Seqq·3
895 1885 1072 1954 corruptione
1093 1900 1122 1936 v.
1147 1909 1180 1921 -
1209 1881 1389 1955 objurgatione
1427 1923 1428 1968 3

347 1971 389 2008 m,
435 1990 443 2007 ,
494 1989 501 2006 ,
548 1991 555 2006 ,
598 1991 607 2007 ,
736 1968 738 1979 ‚
1148 1980 1154 1989 .

1427 2085 1428 2114 l

235 2131 317 2185 dacio
337 2129 463 2201 positum
479 2147 575 2194 nemo,
588 2129 704 2201 opinor,
719 2129 802 2186 mira·
832 2132 1062 2196 eumaddioebut5
1073 2141 1102 2186 et
1114 2131 1185 2202 Nep.
1197 2128 1295 2186 Aleib.
1305 2133 1359 2195 ΠΙ,
1372 2141 1393 2190 t:

234 2207 324 2263 bitur.
365 2205 478 2261 Senties
499 2207 566 2274 jam,
580 2207 629 2278 qui
645 2207 681 2260 sit
692 2218 802 2261 senten·
834 2213 931 2282 Itaque
953 2227 1010 2260 non
1027 2203 1111 2264 solunt
1136 2212 1274 2279 spemin
1301 2231 1333 2263 eo
1352 2211 1395 2260 ba·

158 2293 166 2312 ‘
234 2283 340 2338 tiorum
358 2299 454 2335 nexus.
476 2283 575 2335 Verba
591 2282 668 2336 enisu
684 2288 802 2337 maxima
830 2286 963 2336 debunt
998 2285 1232 2348 maximam,
1253 2286 1397 2338 sedetiam

233 2360 563 2430 autem--isupellitur
581 2359 723 2413 rationem
737 2359 801 2412 red·
831 2363 997 2412 timorum.
1031 2357 1111 2412 ibid.
1127 2358 1226 2412 Thrae.
1244 2359 1297 2422 lV,
1311 2371 1338 2417 1.
1357 2359 1401 2412 llis

233 2433 321 2497 dunt,
344 2451 397 2487 our
421 2435 450 2486 in
474 2434 675 2508 superioribus
695 2435 802 2498 dietum
830 2433 904 2488 adde
921 2434 983 2488 Liv.
1006 2435 1081 2498 XXI,
1104 2443 1156 2501 aa:
1175 2437 1214 2488 ibi
1228 2453 1284 2486 non
1311 2439 1402 2508 bello

232 2509 340 2572 inerit,
380 2509 552 2582 obsequium
583 2509 673 2576 majus
696 2527 802 2581 parere
832 2511 1117 2582 aperto‚sedsuis
1137 2511 1277 2570 artibus,
1291 2509 1403 2580 frau

232 2585 334 2638 odium
355 2583 374 2636 l·
386 2602 415 2637 e·
430 2588 564 2640 molestius
576 2607 637 2650 esse,
651 2604 736 2658 quam
754 2603 801 2640 ve·
831 2589 853 2640 d
861 2606 892 2650 e,
929 2587 1026 2640 deiude
1062 2586 1219 2652 insidiis
1244 2597 1281 2636 ost
1316 2606 1403 2658 prope

230 2659 801 2732 ritatem.0bsoquiumdioitinsraudem
831 2663 1105 2716 circumventus.
1144 2695 1179 2708 -
1224 2661 1402 2734 objurgatio,

229 2747 260 2792 te
275 2735 484 2800 indueit‚iraus
496 2748 591 2790 autem
606 2737 674 2792 odio
690 2737 801 2807 majore
831 2739 1005 2808 colummella)
1027 2737 1080 2790 cfr.
1100 2754 1188 2809 supra
1205 2753 1229 2790 e.
1247 2743 1301 2796 21.
1322 2735 1347 2802 §.
1364 2743 1402 2795 78.

231 2811 316 2886 digna
334 2823 396 2880 est,
418 2809 472 2866 cir.
493 2812 549 2867 Off.
577 2815 600 2878 I,
626 2824 676 2874 13:
697 2808 802 2866 tetrum·
830 2809 865 2854 ¹-
905 2817 1071 2868 Tereutiono
1095 2816 1192 2880 verbo)
1225 2812 1397 2878 „Terentia-

230 2909 281 2962 que
301 2891 409 2942 laomim
422 2893 619 2952 alienissimum,
630 2891 678 2943 sed
687 2891 801 2962 fraus
817 2907 898 2944 -num
924 2890 1046 2944 verboru
1070 2889 1198 2960 appellat
1238 2891 1400 2961 obsequium,

202 3003 205 3013 ι
229 2967 294 3018 odio
315 2961 403 3034 digna
424 2968 535 3038 majore.
580 2968 679 3020 Autem
699 2977 801 3019 nostro
830 2984 889 3020 non
915 2968 996 3038 quasi
1024 2966 1149 3038 primum
1171 2979 1212 3019 eo
1238 2979 1328 3017 usum
1348 2979 1399 3016 esse

230 3040 297 3094 loeo
312 3057 367 3111 pro
385 3044 457 3094 euim
475 3039 802 3112 usurpatur.Cfr.supra
832 3043 1000 3097 Terentium
1041 3040 1240 3105 crediderit„
1266 3050 1304 3094 ut
1354 3042 1397 3092 Do

230 3125 296 3174 el·
316 3116 381 3185 §.h
421 3127 456 3160 -'-
493 3119 696 3187 omur‘sigitur)
715 3122 803 3187 igitur
831 3117 965 3172 natusad
986 3117 1068 3172 illum
1087 3119 1183 3170 lorum
1203 3115 1339 3186 putavit,
1360 3111 1394 3168 sad

229 3191 258 3244 h.
277 3193 295 3246 l.
316 3203 362 3247 est
386 3211 441 3264 pro
463 3196 584 3266 utquam.
607 3193 669 3246 etr.
690 3195 802 3264 Zumpt.
832 3193 911 3266 quod
944 3194 1015 3247 illud
1040 3193 1164 3248 verbum
1182 3192 1220 3245 -ἰιι
1253 3191 1388 3244 versiculo

230 3268 282 3322 Gr.
305 3287 329 3320 c.
357 3275 402 3335 ab.
432 3269 454 3338 §.
480 3275 551 3336 7563
583 3269 701 3341 respicit
726 3269 803 3322 enirn
833 3270 963 3324 Terentii
989 3269 1010 3321 l.
1034 3269 1054 3321 l.
1084 3270 1209 3339 positum
1233 3273 1338 3322 erat.“
1366 3291 1384 3304 ·

229 3343 345 3398 Laelius
365 3345 422 3413 jam
435 3343 471 3397 ad
489 3355 540 3410 ea,
561 3362 634 3417 quae
656 3361 744 3416 supra
757 3345 799 3398 di·
828 3350 946 3400 uomitus
961 3347 1046 3412 adsit)
1067 3343 1279 3398 ofr.0relliu1n
1297 3343 1332 3396 in
1344 3345 1396 3396 Ver.

230 3421 285 3476 xit:
318 3441 375 3474 wau
408 3424 456 3474 illa
479 3422 643 3474 sublevando
669 3421 801 3494 offensio,·
831 3423 900 3476 lact.
919 3429 1026 3485 et'noo,
1048 3419 1252 3492 quae'paulld
1272 3431 1348 3474 ante
1371 3417 1398 3470 de

231 3507 260 3551 et
289 3495 515 3569 quod‘postea:
545 3497 611 3550 bueo
639 3499 799 3571 accipienda
818 3515 897 3552 ,voe
916 3500 1080 3569 obsequium.
1099 3495 1228 3549 diximus.
1269 3527 1312 3538 -
1355 3511 1402 3546 nou

230 3575 329 3636 amice,
351 3592 410 3626 oum
436 3574 557 3624 &novole
567 3574 664 3644 fiunt,
691 3572 801 3643 praeei-
831 3573 912 3626 modo
934 3605 967 3616 -
988 3575 1037 3626 sed
1062 3593 1094 3625 ne
1114 3601 1148 3621 ι-
1171 3571 1305 3644 quidam)
1348 3569 1402 3622 Cir.

168 3685 171 3693 .
229 3647 346 3719 pitque‚
375 3647 445 3719 quid
465 3647 495 3700 in
519 3646 574 3699 boe
598 3647 696 3702 officio
722 3658 802 3702 recte
832 3650 944 3720 Zumpt.
962 3649 1112 3715 Gne-stt·
1134 3646 1238 3720 §.tto
1279 3677 1319 3690 ·-
1356 3647 1405 3697 uli·

228 3734 340 3796 agatur,
359 3735 523 3795 postquam,
543 3722 615 3794 quid
632 3725 707 3778 malo
720 3723 802 3778 ornit-
831 3740 873 3776 uu·
890 3729 961 3778 anim
981 3745 1039 3778 cum
1059 3727 1130 3795 tur.)
1144 3725 1213 3778 baec
1225 3740 1295 3776 cum
1310 3738 1405 3791 respe-

192 3797 194 3809 “
229 3809 287 3864 tas,
316 3798 425 3852 docuit.
464 3829 499 3840 -
536 3801 661 3852 habunda
680 3803 803 3888 rutiffiet
833 3810 879 3854 otu
906 3801 1154 3867 antecedentium
1179 3813 1278 3852 sensus
1314 3799 1403 3850 enim:

229 3875 324 3945 daig.)
336 3873 500 3929 Notandum
513 3874 568 3926 boe
584 3876 725 3947 Zeugma,
745 3891 804 3927 non
834 3893 898 3932 oum
930 3876 1056 3948 liberum
1086 3876 1230 3930 bominem
1264 3872 1402 3928 dedeceat

228 3961 325 4022 potest
338 3951 418 4003 enim
438 3949 497 4003 diei
515 3951 687 4020 diligentiam
707 3953 804 4006 tatere
832 3952 945 4007 adulari
967 3951 1133 4022 tyranuum,
1158 3960 1266 4022 quanto
1288 3951 1402 4023 turpius

230 4025 282 4082 sed
296 4027 435 4088 ‚adbibere
457 4025 510 4079 csr.
533 4026 616 4080 Caes.
635 4027 721 4085 neu„
736 4026 801 4082 civ.
832 4039 875 4082 est
900 4027 1037 4093 amieo,a
1059 4043 1119 4098 quo
1135 4027 1208 4080 nibil
1230 4028 1400 4082 amandun

228 4102 254 4168 1,
275 4111 326 4163 77:
358 4105 534 4156 Camuriones
553 4105 591 4156 in
611 4106 803 4174 ampliores
830 4104 990 4166 assentari,
1027 4112 1056 4155 et
1079 4119 1139 4155 non
1168 4101 1315 4156 adversus
1338 4105 1397 4157 burt

230 4179 802 4250 ord1·nes,·Equueslt0man0sineri-
830 4179 919 4234 animi
945 4193 1025 4232 sensu
1053 4175 1150 4234 libere
1175 4177 1273 4233 dicere
1304 4192 1342 4236 et
1363 4193 1393 4231 a·

229 4257 407 4308 bunt'tium
434 4255 602 4306 restituit
626 4255 801 4308 bonorem.
831 4254 938 4311 datter.

229 4341 259 4386 et
277 4327 353 4384 lbid·
372 4330 418 4395 ll,
447 4331 574 4402 lsi-qui
591 4332 701 4383 ver-ha
721 4342 803 4403 utque

228 4409 432 4462 orationem
459 4396 587 4458 aduersus
612 4398 801 4478 rempublicoui
867 4404 891 4475 §
906 4412 951 4468 90·
990 4406 1235 4474 ‘veritartctmuau
1256 4402 1328 4460 dlii
1361 4407 1408 4478 leg·

226 4483 451 4549 habuissent,
471 4499 563 4535 eorum
584 4482 696 4536 bauain
714 4483 801 4555 putu·
829 4484 870 4534 itu
885 4483 1119 4540 clumaeveritati
1136 4496 1208 4542 aunt·
1246 4481 1314 4538 Nisi
1337 4486 1410 4542 Tau·
